3042 4704
660 328 879 396 -51-

515 553 656 571 .....
680 506 858 589 spsoiosa
880 505 1021 574 Narbo.

343 612 399 678 cfr.
423 611 512 678 Neue
534 611 558 678 Ι.
583 630 654 698 pag.
679 613 754 678 657.

343 718 477 784 Nomina
498 718 650 784 montium
673 719 766 802 primi
782 717 899 785 ordinis
922 719 955 784 in
979 723 1017 798 ‚a‘
1041 719 1073 784 et
1100 734 1132 800 ‚e‘
1163 717 1304 783 desinen-

235 829 281 896 tia
303 825 453 892 feminina
476 826 558 906 sunt,
582 825 664 908 apud
680 824 884 892 Prudentium
898 826 1003 892 tamen
1026 824 1137 892 Perist.
1161 824 1203 903 ΙΙ,
1227 823 1303 889 540.

236 933 363 1018 legitur.

538 1039 733 1124 ‚Pyrenas
756 1039 1004 1124 ninguidos.⁸

343 1144 477 1211 Nomina
511 1145 652 1229 lapidum
678 1147 858 1230 plerumque
891 1145 1040 1211 feminino
1073 1163 1183 1230 genere
1216 1163 1305 1210 usur·
1375 1157 1378 1162 ’

239 1255 363 1335 pantur;
398 1252 480 1336 apud
503 1251 708 1320 Prudentium
746 1251 1059 1337 “chrysolithus“
1092 1252 1203 1337 Psych.
1228 1252 1304 1318 854.

246 1360 364 1438 ¹nativo
387 1360 544 1426 interlitus
567 1365 658 1426 auro‘
693 1360 824 1437 dicitur;
863 1359 1200 1444 „chrysoprasum“
1228 1358 1303 1424 ibid.

243 1464 316 1530 865.
333 1465 495 1550 alloquitur
516 1466 769 1550 „conspicuum“:

349 1573 397 1650 „te
419 1592 536 1657 quoquo
559 1575 754 1658 conspicuum
778 1573 933 1640 structura
956 1573 1113 1640 interserit
1135 1574 1245 1641 ardens

349 1679 646 1765 „chrysoprase‘
679 1730 686 1744 .
712 1731 719 1746 .
745 1730 785 1746 ..

349 1787 580 1872 „pulccrque
602 1788 786 1870 topazon¹⁶
814 1773 869 1870 (Ξ
891 1788 1027 1870 topazus,
1056 1786 1203 1871 topazios)
1227 1785 1305 1852 dici-

236 1894 288 1958 tur
313 1893 389 1958 ibid.
415 1894 557 1979 861.⁴⁴).

344 1999 426 2085 Sym.
448 2001 467 2064 Ι
490 2001 585 2083 praed.
612 2002 655 2066 74
678 2019 716 2066 sc
724 2019 768 2084 ps
798 2001 962 2084 (serpentis
983 2019 1088 2085 genus,
1112 2001 1198 2084 cujus
1225 2000 1305 2065 ictus

238 2126 352 2172 veneno
375 2108 542 2190 putrefacit
564 2108 774 2193 vulneratum)
808 2107 950 2173 feminini
973 2107 1094 2192 generis
1117 2108 1179 2172 est:

455 2235 542 2298 „seps
572 2216 693 2281 insueta
723 2214 807 2280 subit
837 2234 956 2298 serpere
985 2215 1129 2280 flexibus“

239 2320 333 2405 (apud
357 2322 514 2386 Lucanum
541 2322 596 2401 IX,
616 2323 689 2387 723.
719 2321 878 2400 „tabificus
901 2320 1016 2406 scps.“)

346 2427 466 2509 Aspis
488 2446 559 2492 vcro
582 2428 746 2494 masculini
770 2427 885 2493 duobus
908 2427 1005 2494 locis:

347 2532 430 2617 Sym.
455 2534 470 2596 Ι
492 2534 588 2616 praef.
613 2535 673 2600 37:
707 2553 881 2613 „excussum
906 2533 1099 2617 aspidem‘
1128 2534 1186 2619 (ita
1201 2553 1305 2600 omnes

239 2640 346 2722 scripti
368 2639 400 2704 et
422 2639 499 2704 editi
514 2641 635 2722 praeter
659 2639 841 2725 Obburium)
864 2642 896 2706 et
917 2641 1028 2719 Perist
1051 2640 1090 2720 X,
1116 2641 1196 2706 227:
1226 2659 1305 2719 „sa-

240 2747 374 2812 cratus
396 2747 506 2829 aspis
529 2747 726 2830 Aesculapii*

345 2853 488 2920 Sentis
511 2853 594 2938 Sym.
623 2853 664 2932 II,
691 2855 793 2931 1043;
824 2854 862 2918 ot
886 2854 1007 2920 rubus
1035 2854 1148 2936 Apoth.
1174 2855 1226 2919 55.
1252 2856 1303 2919 70.

239 2959 388 3025 feminina
415 2960 487 3025 sunt
511 2959 688 3045 (spinosa
711 2961 860 3026 malorum
891 2961 1034 3037 sentin
1066 2962 1216 3026 sentam
1239 2980 1305 3025 ru-

345 3247 392 3312 44)
411 3245 488 3302 Aliae
501 3261 578 3318 qnae,
596 3245 667 3316 apud
679 3245 760 3302 Prnd.
774 3249 1015 3302 commemorantur
1027 3261 1149 3314 gemmae
1161 3245 1212 3300 hae
1224 3248 1304 3300 sunt:

242 3333 493 3401 amethystina,
512 3351 588 3389 orum
606 3336 653 3403 (=
671 3335 853 3405 amethystus)
873 3335 967 3404 Psych
982 3335 1048 3399 860;
1066 3334 1220 3403 beryllus
1239 3335 1304 3398 855;

242 3418 429 3475 chalcedon
447 3421 549 3491 (hahes)
568 3423 635 3488 8573
654 3424 846 3493 crystallus
874 3423 989 3492 (algens)
1008 3423 1076 3487 8693
1095 3421 1305 3492 hyacinthus

240 3507 308 3578 8573
327 3510 436 3580 iaspis
454 3513 520 3578 nom
539 3513 812 3582 sapphirns8553
830 3512 1059 3582 sardonyches
1079 3514 1135 3581 (yx)
1153 3513 1221 3577 85Ι;
1239 3527 1305 3566 sar·

239 3596 323 3654 dous
339 3599 375 3670 (i)
393 3601 444 3656 861
464 3600 688 3670 smaragdina
710 3603 791 3670 prata
814 3602 875 3656 862.
911 3601 953 3656 De
970 3599 1146 3656 mansoribus
1165 3599 1211 3654 cir.
1232 3599 1304 3670 Sym

149 3744 152 3748 .
237 3687 275 3752 ΙΙ,
297 3689 362 3744 246:

347 3782 392 3843 „et
410 3795 480 3852 quae
496 3794 560 3834 saxa
578 3779 680 3834 Paros
702 3783 776 3834 secat
794 3782 823 3834 et
841 3796 910 3850 quaa
928 3778 1060 3834 Punica
1078 3795 1197 3848 rupes,

344 3884 413 3940 quae
432 3867 527 3922 viridis
545 3867 877 3928 Laccdaemonhabet
897 3869 1084 3939 maculosaque
1104 3868 1234 3937 Synna.

345 3958 500 4012 nativum
523 3973 600 4030 nemo
613 3957 749 4028 scopuli
762 3957 831 4012 mihi
846 3957 952 4013 dedicet
968 3961 1107 4025 ostrum.
1122 3958 1230 4026 (ultimo
1249 3955 1305 4010 loco

237 4045 364 4118 iutellcg.
381 4061 543 4118 purpureum
562 4047 719 4117 aegyptium
737 4048 842 4116 marm)

1053 4136 1100 4204 4*
