3042 4704
615 331 848 397 -rr-
990 289 993 296 ’

200 519 384 584 ldarcron
406 513 500 579 Ham.
524 510 586 588 56;
612 510 686 588 124,
710 506 808 596 (recto
830 509 958 574 metitur
980 509 1073 575 Ham.
1103 509 1199 593 praef.
1224 510 1266 577 36

203 621 394 689 otHamart.
418 618 498 704 502)
522 615 746 686 Chalcedon
768 615 879 700 Psych.
915 615 979 682 857
1015 615 1141 695 lesus,
1175 633 1267 699 quam

205 747 304 796 vocem
338 725 540 812 bissyllabum
585 722 662 788 lacit
695 721 809 805 Apoth.
844 721 920 802 222,
943 723 1020 803 411,
1056 722 1141 800 502,
1164 740 1269 789 conso-

203 836 347 918 nantique
375 833 422 918 „j“
450 850 521 897 cum
544 828 744 894 antecedente
767 829 949 894 consonante
971 829 1034 895 vim
1058 827 1268 912 producendae

201 941 302 1007 brevis
325 938 461 1024 syllabae
485 935 618 1020 denegat
642 971 683 982 -
700 933 771 1014 alia,
796 934 834 999 de
849 933 960 1018 quibus
975 935 1152 1001 consulatur
1165 933 1269 1026 ⁴Inder

200 1047 249 1113 III
272 1044 388 1112 collari
409 1043 441 1109 et
461 1042 596 1109 Drossel.
618 1039 755 1125 prolegg.
780 1041 852 1105 nota
874 1039 919 1106 54
933 1078 978 1087 -
994 1040 1047 1106 sed
1062 1040 1155 1106 etiam
1180 1039 1269 1123 diph-

201 1153 355 1234 thongum
387 1154 454 1228 ,αι“
492 1146 628 1231 corripit,
652 1146 708 1212 cir.
732 1146 843 1230 Psych.
869 1147 943 1227 710,
982 1146 1064 1227 125,
1100 1147 1192 1215 Ham.
1216 1145 1269 1214 64.

205 1257 265 1338 pri.
291 1254 443 1338 generalis
467 1255 509 1319 39
532 1251 708 1330 heresis3
742 1253 855 1336 Apoth.
880 1253 942 1318 331
975 1252 1145 1338 anigma3
1180 1250 1269 1318 uach.

209 1361 262 1441 Vl,
288 1361 348 1425 141
375 1359 576 1430 Maannrus
598 1359 711 1442 Apoth.
736 1358 802 1424 210
825 1358 981 1442 sphera3
1016 1357 1104 1425 Cath.
1136 1357 1197 1424 Vll
1226 1358 1269 1424 93

209 1465 633 1550 romphealimsimiliter
671 1471 730 1546 „orl
774 1471 827 1554 „p‘
866 1466 899 1531 in
938 1471 1000 1545 ,δ’
1043 1471 1104 1545 „a‘
1144 1464 1271 1548 corripit

205 1574 316 1638 Perist.
339 1571 452 1637 11152
475 1571 587 1656 Apoth.
614 1573 677 1638 186
699 1571 858 1642 idolium
892 1572 1005 1638 Perist.
1039 1571 1081 1653 ΙΙ,
1123 1572 1207 1649 484;
1241 1570 1271 1636 V

208 1678 966 1764 13111155540411515151115115.
998 1675 1270 1761 1152555115

206 1785 289 1868 Sym.
312 1783 432 1851 11418
455 1783 669 1863 muthusis,
692 1784 782 1849 alia·
824 1785 927 1849 lltiam
951 1784 983 1848 in
1006 1785 1113 1849 latinis
1140 1784 1272 1851 vocabu·

207 1891 247 1958 lia
269 1891 431 1956 metiendis
454 1890 639 1972 aliquotiens
662 1889 842 1954 dormitasse
863 1889 1067 1952 Prudentium
1101 1890 1134 1954 ct
1172 1888 1272 1954 Cella-

207 1998 353 2063 1155111ο
382 1995 486 2061 iudice
509 1995 541 2058 et
563 1993 735 2059 Dresselius
759 1993 917 2075 praedicta
940 1993 1012 2058 uota
1046 1994 1099 2072 54,
1134 1995 1272 2079 prolego-

206 2105 305 2170 menis
328 2102 437 2168 addita
460 2100 668 2179 ostenderunt,
692 2099 779 2165 nobis
802 2118 919 2182 quoquo
952 2098 1051 2165 altera
1084 2101 1175 2185 hujus
1209 2100 1273 2166 dis·

203 2208 374 2295 putationis
396 2208 493 2291 parta,
517 2205 638 2290 quando
661 2205 699 2271 de
721 2204 879 2270 nominum
899 2206 1161 2274 substantivorum
1173 2209 1205 2273 et
1235 2207 1273 2272 da

204 2318 367 2384 verborum
391 2313 596 2382 declinatione
626 2311 837 2379 Prudentiana
868 2311 1005 2379 dicemus
1034 2312 1179 2380 licentiae
1207 2313 1272 2397 ejus

204 2423 263 2487 hac
285 2422 318 2486 in
341 2441 374 2488 re
396 2422 578 2488 indicandae
600 2421 726 2487 dabitur
748 2419 873 2486 occasio.
921 2419 988 2500 Qua
1011 2419 1134 2485 fortuna
1156 2420 1189 2484 in
1203 2438 1273 2485 ver-

205 2527 254 2592 bis
276 2527 383 2594 latinis
405 2529 560 2614 fingendis
583 2548 656 2595 usus
679 2527 722 2594 sit
751 2526 939 2591 Prudentius
973 2523 1055 2590 infra
1089 2525 1272 2604 ridebimus,

205 2653 299 2718 quum
322 2653 376 2699 suo
399 2654 536 2718 quaeque
558 2636 634 2715 loco,
664 2633 859 2718 singularum
881 2630 1028 2697 orationis
1061 2632 1199 2714 partium
1222 2651 1273 2697 ra·

204 2740 290 2826 tione
311 2738 429 2816 habita,
452 2740 632 2803 afferentur:
655 2739 707 2802 hic
730 2737 874 2821 expositis
893 2756 970 2820 quae
992 2737 1030 2802 de
1053 2756 1166 2822 graeco
1187 2737 1272 2804 locu·

207 2840 299 2905 tionis
317 2839 539 2923 prudentianae
558 2841 657 2906 colore
688 2841 816 2908 dicenda
839 2843 1024 2910 videbantur
1047 2843 1153 2924 restat,
1178 2845 1212 2909 ut
1233 2841 1272 2908 de

206 2947 326 3032 poetica
349 2947 415 3032 ejus
438 2946 540 3012 indole
563 2946 747 3032 generaliter
769 2947 919 3017 addamus
946 2949 1103 3015 nonnulla.
1138 2986 1182 2996 -
1212 2993 1214 2998 -

312 3055 358 3120 Ex
380 3053 439 3135 his,
456 3073 534 3137 quae
556 3073 649 3138 supra
683 3054 720 3120 ds
754 3057 946 3140 singulorum
972 3057 1146 3140 poematum
1180 3074 1273 3142 argu·

210 3161 325 3228 mentis
349 3161 483 3228 diximus
496 3235 498 3239 ,
503 3161 570 3247 jam
594 3161 685 3228 facile
708 3181 787 3229 unus
810 3164 936 3246 quisque
951 3181 1130 3248 cognoscere
1163 3165 1273 3248 potest,

207 3265 393 3348 Apotheosis
416 3269 447 3334 et
469 3268 750 3354 Hamartigeniam,
774 3289 868 3353 quum
890 3270 923 3334 in
946 3271 1133 3337 christianae
1167 3270 1274 3356 religi·

207 3371 275 3437 onis
296 3371 460 3456 dogmatis,
483 3376 588 3441 contra
611 3376 833 3443 haereticorum
869 3375 1026 3458 opiniones
1061 3376 1271 3455 defendendis,

207 3480 366 3546 versentur
394 3479 562 3563 „pedestris
579 3483 742 3549 carminis“
769 3481 916 3561 indolem,
939 3483 1006 3565 ipso
1027 3481 1195 3548 Prudentio
1218 3502 1273 3548 an-

205 3585 372 3672 nuente¹⁸)
397 3587 446 3654 rix
463 3607 615 3672 superare,
650 3607 836 3673 quamquam
872 3587 980 3674 negari
1012 3606 1072 3653 non
1106 3589 1207 3671 potest
1241 3590 1273 3654 in

206 3692 460 3778 Hamartigeniao
481 3695 665 3778 quibusdam
686 3694 827 3778 partibus
859 3695 951 3774 locos,
985 3694 1104 3778 poetica
1137 3694 1273 3777 pulchri·

206 3799 314 3864 tudine
336 3799 509 3880 distinctos,
532 3803 653 3886 saepius
675 3818 841 3879 occurrere,
865 3801 928 3883 qui,
952 3801 980 3866 si
1013 3799 1096 3868 inter
1120 3801 1273 3886 Vergilia·

181 3941 184 3946 ¹
313 3959 359 4024 18)
376 3957 507 4030 Epilogus
526 3959 568 4014 11.
591 3958 737 4031 „approbat
755 3961 848 4014 tamen
866 3957 940 4013 Dens

586 4045 723 4120 ‚pedestre
741 4063 848 4107 carmen
865 4050 895 4104 51
911 4047 1046 4118 benignus
1068 4045 1154 4104 audit.

1092 4121 1113 4188 2
