3042 4704
625 329 846 394 ..61...

695 594 723 677 s.
750 596 779 660 e.

205 739 335 804 Verb's
358 736 559 802 inusitata
582 735 863 802 terminatione
886 736 925 800 et
944 734 1269 819 significatione.

297 919 324 979 l.
344 914 473 984 Plautus
484 915 516 979 et
532 912 693 978 Lucretius
705 913 797 979 verbe
813 911 933 996 saepius
950 911 1079 977 utuntur
1090 931 1119 994 q.
1136 931 1161 980 c.
1174 912 1268 990 clueo,

204 1022 312 1100 cluere,
336 1019 523 1086 Prudentius
550 1039 619 1085 cum
644 1019 768 1099 Seneca,
798 1019 990 1104 Symmacho,
1026 1019 1161 1086 Ausonio
1188 1019 1269 1086 idem

204 1129 331 1196 verbum
347 1128 514 1194 seeundum
530 1125 617 1192 tertii
625 1127 748 1192 ordinis
764 1128 857 1193 verbe
872 1125 970 1192 flectit
986 1127 1016 1191 et
1039 1126 1160 1196 cluere
1183 1127 1268 1191 facit.

205 1235 255 1302 Sic
278 1233 366 1302 Ceth.
389 1234 444 1312 IX,
471 1236 555 1300 107:
586 1234 637 1319 (de
661 1233 782 1300 Christo
805 1234 953 1318 loquitur)

365 1391 372 1406 .
398 1391 405 1404 .
432 1392 438 1407 .
464 1341 568 1406 denter
591 1341 624 1406 in
647 1341 783 1424 parentis
806 1359 875 1404 aree
898 1339 999 1406 cluis

208 1449 313 1532 Psych.
338 1449 375 1514 2:
400 1447 594 1532 (desudem)

365 1555 418 1637 qui
441 1554 542 1638 patria
565 1555 679 1620 virtute
703 1555 805 1620 cluis

205 1661 286 1745 Sym.
311 1662 336 1740 Ι,
360 1662 442 1726 417:
468 1661 519 1746 (de
542 1661 653 1745 Roma)

316 1767 503 1850 „praedivite
530 1768 616 1834 cultu
639 1768 801 1833 illustrate
825 1766 939 1834 cluis“

205 1874 287 1958 Sym.
312 1875 353 1952 ΙΙ,
378 1875 459 1940 584:
484 1872 536 1960 (de
563 1873 685 1961 eudem)

316 2031 341 2060 ,.
368 2032 374 2045 .
401 2031 408 2044 .
432 1983 501 2063 quis
524 1980 624 2064 glorie
646 1980 762 2046 fotibus
784 1981 885 2058 aucta,
909 1980 960 2046 Sic
983 1980 1093 2046 cluet
1117 2030 1125 2044 .
1151 2030 1158 2046 .
1184 1988 1210 2045 .“

312 2087 395 2173 Syru.
420 2089 445 2167 1,
471 2088 536 2153 504
559 2107 637 2152 unus
660 2086 751 2152 codex
773 2087 1012 2173 (Rottendcrph)
1035 2086 1188 2165 fluant,
1212 2086 1271 2153 duc
1366 2127 1371 2136 ·

206 2193 728 2278 (BongersianusWidmenniunus)
741 2193 802 2257 clu
811 2193 879 2257 ant
891 2212 981 2276 supra
990 2193 1137 2276 scriptum
1146 2193 1269 2272 habent,

205 2300 261 2365 alii
284 2302 440 2367 meliores:

316 2408 488 2486 „artificum
511 2427 691 2492 magnorum
708 2426 812 2490 opera;
836 2408 911 2472 haec
925 2406 1131 2489 pulcherrima
1150 2407 1271 2472 nostrae

311 2517 489 2580 ornamenta
512 2515 628 2578 fuant
653 2512 717 2601 (vel
740 2514 849 2602 fiant)¹‘

205 2621 291 2687 Neue
306 2621 347 2700 II,
370 2640 441 2706 pag.
459 2623 524 2687 327
549 2621 601 2686 ubi
624 2621 662 2685 de
695 2621 760 2687 lucc
794 2622 897 2686 ncstrc
931 2640 953 2686 s.
991 2641 1019 2686 v.
1055 2621 1155 2686 cluere
1189 2620 1271 2705 agit:

210 2728 328 2806 „nach
360 2729 491 2793 vielen
532 2726 867 2806 Handschriften‚
910 2727 1053 2810 inquit,
1104 2727 1267 2793 cluant*-

205 2833 285 2916 qucd
301 2832 428 2898 minime
445 2851 552 2898 verum
568 2833 623 2910 est,
641 2851 733 2915 quum
752 2832 881 2898 ducrum
893 2835 1016 2898 tantum
1027 2833 1166 2898 ecdicum
1181 2833 1272 2899 lectis

206 2941 247 3006 sit
274 2940 445 3020 „cluent“
473 2941 504 3005 et
527 2939 651 3022 quidem
667 2957 758 3021 supra
782 2940 895 3022 scriptu
919 2941 950 3006 ct
974 2940 1064 3005 unius
1085 2940 1271 3019 „fluant‘,

206 3047 286 3129 quod
308 3047 433 3131 quidem
461 3066 496 3112 ex
524 3028 670 3125 „eluens
692 3046 747 3110 aut
781 3046 906 3123 „tuant“
943 3046 1115 3111 fluxisse
1138 3045 1224 3112 videt
1262 3095 1270 3109 .

205 3153 272 3237 Ego
294 3155 345 3220 hic
368 3174 438 3221 curn
455 3153 608 3219 Dresselio
636 3152 784 3230 „fusnt“
812 3153 944 3219 scribere
966 3152 1083 3218 malim.
1122 3150 1271 3238 (Dressel.

207 3256 310 3321 suriae
331 3260 402 3324 leet.
427 3281 455 3326 v.
481 3262 555 3327 504.
581 3260 755 3326 Giselinum
784 3259 940 3342 scripsisse
967 3260 1044 3326 dicit
1082 3260 1198 3339 „fuant
1222 3258 1273 3323 vel

208 3359 316 3440 fiant“,
332 3366 384 3445 qui
406 3367 509 3430 tumen
526 3367 649 3449 scripsit
678 3366 832 3445 „cluunt“‚
856 3366 935 3430 nihil
958 3367 1133 3451 annotans.)

315 3485 348 3552 Si
371 3487 446 3570 quid
468 3489 588 3577 proprio
606 3490 708 3555 Marte
731 3491 842 3556 audere
865 3490 958 3556 liceat
980 3489 1066 3554 uliud
1089 3489 1272 3555 inusitatum

209 3594 333 3660 verbum
351 3594 517 3660 Prudentis
532 3583 707 3676 tribuerem,
732 3597 810 3680 quod
835 3597 881 3662 est
908 3595 1103 3675 „cludere“
1126 3615 1180 3679 pro
1204 3596 1272 3662 vul·

207 3703 280 3787 gete
315 3701 467 3780 claudere,
502 3721 686 3787 quemquam
723 3703 802 3768 nulli
826 3703 936 3770 editori
970 3703 1140 3785 probatum,
1176 3721 1271 3786 neque

206 3827 300 3874 manu
323 3807 506 3891 scriptorum
529 3810 667 3875 ecdicum
692 3811 875 3876 auctoritate
898 3808 1155 3887 commendatum,
1191 3808 1271 3891 quod

207 3917 310 3980 tamen
347 3917 442 3994 „forte
477 3919 595 3982 rectum
629 3923 712 3982 esse“
751 3919 818 4002 jam
853 3914 1025 3982 Dresselius
1060 3915 1272 3998 suspicabatur

208 4020 291 4109 (vide
314 4023 451 4089 notulam
476 4025 541 4109 ejus
566 4023 676 4103 versui,
701 4023 738 4089 de
761 4043 819 4107 quo
841 4023 923 4089 infra
957 4041 1084 4108 agemus
1106 4019 1267 4110 additum)
