3042 4704
659 376 880 450 -pp..

347 555 443 635 ,liber
465 553 586 639 ragat
601 571 654 637 per
676 558 784 620 auras‘
811 551 901 620 cath.
925 551 990 634 VI‚·
1008 552 1061 620 29.

344 661 455 728 dativo
478 660 656 744 deponentis
689 660 936 727 terminationem
951 657 1090 726 addidit:

347 770 501 852 „poscunt
525 767 720 847 litantur,
744 766 901 834 indicant‘
920 766 1031 834 Perist.
1054 765 1096 844 11,
1120 765 1195 830 567.

235 874 291 942 cfr.
314 873 396 960 Sym.
421 876 446 956 Ι,
470 875 545 942 237.
559 875 599 956 ΙΙ,
612 873 811 942 842.Perist.
827 873 867 956 X,
880 873 956 954 354,
978 871 1073 940 1010.
1094 871 1204 958 Psych.
1224 871 1299 938 784.

709 1175 738 1260 9.
791 1177 823 1243 3.

452 1372 509 1439 De
548 1373 756 1441 verborum
794 1372 1078 1441 declinatione.

340 1567 465 1651 Saepius
484 1568 552 1653 jam
575 1570 607 1635 et
628 1570 727 1652 priore
751 1570 783 1637 et
812 1569 912 1636 altera
936 1566 1153 1652 disputationis
1175 1567 1296 1633 nostras

231 1675 318 1758 parte
340 1675 513 1743 monuimus
536 1676 740 1742 Prudentium
763 1677 903 1744 vetustae
933 1673 1096 1742 locutionis
1122 1672 1298 1742 amantissi-

231 1798 316 1844 mum
339 1800 413 1859 esse,
430 1782 517 1864 cujus
539 1783 584 1848 rei
607 1783 789 1849 documenta
809 1783 986 1849 attulimus:
1010 1817 1055 1830 -
1078 1781 1191 1864 ‚aquai‘
1221 1779 1296 1860 ‚olli

232 1884 448 1968 ,induperator‘
472 1887 551 1964 alia;
581 1889 638 1954 hcc
661 1889 726 1955 loco
749 1889 790 1954 ad
813 1890 943 1956 eandem
965 1887 1138 1971 opinionem
1160 1904 1297 1970 compro-

232 1991 364 2057 bandam
379 1993 488 2058 afferre
500 1993 592 2076 juvat
614 1994 708 2060 octies
731 1995 831 2060 decies
854 1996 893 2060 ab
916 2013 950 2060 eo
978 1994 1157 2076 usurpatam
1179 1992 1297 2058 obsole-

230 2099 296 2164 tam
311 2098 442 2164 formam
457 2099 604 2166 infinitivi
620 2101 789 2184 praesentis
805 2101 930 2185 passivi,
947 2119 1023 2184 quae
1039 2100 1072 2164 in
1096 2103 1148 2179 ,er‘
1172 2097 1294 2164 desinit.

233 2203 428 2271 Clarissimus
451 2206 548 2286 Neue,
564 2207 613 2273 vir
635 2207 673 2273 de
697 2207 794 2273 latino
817 2225 954 2274 sermone
978 2204 1160 2289 explorando
1182 2205 1296 2287 optime

229 2309 367 2390 meritus,
391 2311 432 2391 ΙΙ,
456 2329 527 2396 pag.
553 2313 628 2379 309.
653 2333 717 2396 sqq.
741 2313 793 2378 ubi
818 2313 855 2380 de
878 2312 935 2380 hac
958 2313 1016 2378 inf.
1039 2313 1138 2378 forma
1160 2311 1229 2396 agit
1257 2329 1296 2377 ne

229 2417 320 2484 verbo
344 2417 469 2501 quidem
491 2419 584 2504 hujus
607 2419 837 2486 Prudentianae
852 2418 1014 2488 locutionis
1042 2418 1228 2484 mentionem
1250 2417 1296 2484 fe·

228 2522 281 2602 cit,
299 2525 421 2606 praeter
444 2545 533 2591 usum
557 2525 588 2590 et
610 2527 873 2606 consuetudinem,
908 2525 988 2609 quod
1015 2525 1069 2608 qui
1101 2524 1220 2590 factum
1254 2523 1295 2589 sit

228 2629 306 2696 mihi
328 2631 452 2713 quidem
476 2651 536 2697 non
557 2635 694 2716 apparet.

229 2733 312 2818 Sym.
336 2737 361 2815 Ι,
385 2738 461 2802 423.
485 2738 783 2805 circumferrier

338 2861 498 2940 „obscuras
520 2860 679 2929 rideotibi
701 2861 1007 2931 curcumforrier
1028 2861 1185 2928 umbras“.

227 2964 341 3050 Apoth.
367 2968 396 3034 Ι.
413 2968 685 3051 comprendier

334 3123 342 3140 .
366 3125 374 3141 .
400 3123 409 3140 .
437 3093 511 3156 „nec
534 3075 617 3142 enim
634 3076 906 3160 comprendier
929 3075 986 3144 illa

332 3183 479 3268 majestas
513 3182 616 3250 facilis
639 3202 768 3250 sensura
790 3183 925 3252 oculisve
947 3187 1109 3250 manurs‘.

225 3306 337 3372 Perist.
360 3308 413 3387 XI,
437 3310 491 3376 86.
508 3309 637 3377 dicier

335 3413 489 3492 „affirmat
511 3415 636 3482 dicier
649 3417 886 3504 Hippolytum‘.

225 3517 339 3604 Apoth.
363 3520 439 3586 474.
464 3521 690 3606 dispergier

335 3627 467 3706 „accitas
490 3628 578 3696 rideo
601 3629 692 3714 longe
708 3627 945 3715 dispergier
969 3629 1129 3696 umbras‘.

222 3733 385 3820 dispchom.
406 3736 477 3802 191.
501 3734 698 3802 frenarier

334 3840 516 3924 „impatiens
539 3841 674 3908 madidis
688 3840 886 3908 frenarier
907 3859 961 3908 ora
981 3841 1127 3925 lupatis.

223 3943 316 4016 Ham.
340 3949 415 4014 649.
439 3949 670 4033 grassarier

335 4054 502 4140 „longoque
547 4055 624 4122 sinit
638 4055 866 4142 grassarier
887 4060 976 4122 usu‘.

1078 4160 1128 4226 5*
