3042 4704
639 359 856 432 „79-

205 509 287 623 'nam
312 551 472 638 „quamvis‘
499 550 661 632 utramque
687 543 830 611 naturam
857 539 984 606 obtinet.
1030 537 1118 604 Hanc
1141 535 1282 622 regulam

217 662 340 730 videtur
361 659 532 743 neglexisse
553 644 751 719 Prudentius.
796 647 838 713 Et
853 644 936 712 haud
951 644 1014 710 scio
1036 663 1077 710 au
1099 644 1212 709 alicubi
1235 661 1282 707 re·

218 767 353 853 periatur
375 765 469 830 etiam
492 761 585 846 apud¹
598 758 739 842 probatos
769 755 916 820 auctores.
964 749 1053 817 Certo
1080 750 1163 833 apud
1186 749 1284 814 Aure·

218 875 294 940 lium
318 869 531 957 Augustinum
560 865 706 950 reperio.“
736 897 775 910 -—
801 861 895 936 Locos
926 857 1037 942 quibus
1075 856 1279 940 „quamtitas

218 981 340 1064 scripsit
355 975 543 1044 Prudentius
564 963 865 1058 pro-„quamquaml
893 965 942 1032 uel
970 964 1144 1049 „quamvis
1172 1001 1214 1012 —
1236 963 1285 1028 in·

220 1090 322 1172 tegros
345 1084 459 1149 affero:

220 1191 307 1257 earn.
331 1189 386 1270 XI,
413 1189 453 1256 11
463 1210 471 1252 :
522 1188 584 1266 „Fir
607 1203 657 1251 ore
681 1178 1020 1268 quamlibetPatris

539 1293 587 1359 Sis
609 1293 693 1358 ortus
717 1292 748 1357 et
770 1289 862 1356 uerbo
885 1286 997 1365 editus„

541 1400 657 1465 Tamen
678 1398 805 1481 patemo
827 1396 860 1460 in
882 1394 1005 1478 pectore

540 1506 651 1589 Sophia
680 1504 815 1572 callebas
835 1502 950 1585 prius.“

218 1615 310 1684 naen.
334 1616 422 1695 Vlll„
447 1614 507 1680 53:
558 1611 800 1697 „quamlibet
823 1610 924 1692 spreto
962 1607 1027 1673 sine
1072 1625 1156 1672 more
1198 1608 1288 1690 pastu

542 1721 648 1804 sponte
674 1717 827 1784 conlectos
854 1717 1013 1781 tenuemus
1037 1715 1124 1779 artus
1148 1762 1155 1777 .
1181 1763 1189 1778 .
1215 1763 1222 1778 .
1248 1762 1255 1778 .
1281 1735 1288 1777 :

543 1826 677 1890 vincitur
701 1841 846 1905 semper.
873 1872 880 1886 .
906 1873 913 1887 .
939 1827 965 1885 .“

226 1935 308 2021 Sym.
332 1935 358 2013 1,
382 1933 465 1999 593:
549 1929 799 2012 „Quamlibet
824 1928 962 1994 illustres
985 1929 1104 1993 meritis
1129 1981 1135 1995 .
1160 1980 1168 1996 .
1192 1978 1200 1996 .
1224 1979 1232 1996 .

543 2036 682 2121 praemia
705 2035 823 2101 virtum
848 2086 855 2102 .
880 2088 886 2103 .
911 2087 918 2102 .
943 2088 950 2102 .

546 2142 643 2208 ardua
673 2142 852 2207 rettulerint
879 2195 886 2209 .
911 2194 918 2209 .
943 2194 982 2209 ..

546 2249 640 2334 (598)
678 2249 816 2313 attamen
849 2253 969 2315 ....“

224 2357 337 2425 Perist.
360 2356 415 2437 Xl„
443 2358 522 2423 163:
551 2355 804 2438 „Quamlibet
829 2353 979 2437 aucipites
1001 2355 1108 2420 texant
1130 2407 1138 2423 .
1164 2409 1170 2422 .
1195 2405 1235 2422 ..

501 2533 503 2540 ,
544 2464 746 2528 attamen..
773 2511 779 2525 .
806 2467 831 2526 .“

226 2571 332 2656 (Ham.
357 2571 439 2636 936:
551 2569 794 2653 „quamlibet
824 2567 986 2653 indignam
1024 2569 1114 2634 venia
1125 2568 1297 2652 faciamque

543 2675 752 2760 loquarque.“)

336 2780 497 2846 Caeterum
510 2782 712 2864 „quamlibet
743 2799 813 2846 cnm
835 2779 957 2864 proprio
980 2779 1071 2844 verbo
1093 2780 1211 2865 legitur
1229 2781 1296 2866 jam

229 2887 311 2972 apud
334 2886 439 2968 Quint.
462 2887 487 2967 I„
515 2890 620 2955 1.18:
652 2887 840 2972 „quamlibet
855 2906 964 2970 parum
987 2887 1029 2951 sit
1052 2938 1060 2954 .
1084 2939 1092 2955 .
1116 2937 1123 2955 .
1148 2939 1156 2955 .
1179 2888 1296 2973 majora

229 2996 373 3072 tamen“;
396 2994 478 3076 apud
493 2993 630 3060 Solinum
648 2996 678 3062 9.
693 2995 774 3079 (14)
791 2995 883 3061 extr:
917 2993 1166 3075 „Quamlibet
1190 2992 1295 3079 Olym·

227 3101 296 3186 pias
319 3153 327 3169 .
352 3157 358 3169 .
384 3153 392 3168 .
411 3101 596 3168 nobiliorem
619 3100 648 3167 ei
670 3102 787 3185 patrem
808 3100 965 3184 acquirere
987 3099 1178 3166 affectaverit
1202 3153 1208 3167 .
1234 3151 1242 3168 .
1266 3104 1291 3168 ,⁸

231 3209 337 3292 (Klotz
360 3229 383 3276 s.
409 3228 437 3276 v.
462 3228 553 3292 quam
575 3208 676 3295 libet).
702 3246 744 3256 —

337 3314 611 3398 Praepositionum‚
639 3315 897 3399 conjunctionum„
932 3313 1182 3398 interjectionum
1204 3331 1297 3398 quum

232 3420 267 3485 in
287 3419 405 3484 nullam
436 3419 621 3500 incidissem„
652 3441 729 3505 quae
763 3421 823 3486 huc
846 3421 955 3486 relcrri
978 3422 1146 3486 mereretur
1168 3457 1212 3468 -
1235 3419 1297 3487 ‹lis-

233 3525 385 3612 putationi
399 3527 490 3592 finem
508 3528 645 3593 lecturus
680 3546 787 3606 essem„
806 3528 866 3594 uisi
888 3528 1035 3593 nonnulla
1051 3525 1298 3594 1111111111ιί-

234 3632 393 3700 stimarem
416 3633 454 3698 de
476 3653 511 3700 ea
541 3634 689 3700 Prudeuti
714 3635 790 3713 arte„
825 3653 895 3718 qua,
930 3634 1087 3714 Plautum,
1121 3634 1243 3700 Lucret'

233 3725 385 3820 imitatus„
413 3759 471 3805 uno
494 3740 656 3824 eodemque
679 3759 768 3807 versu
797 3740 900 3824 plures
928 3759 1016 3807 voces
1046 3740 1225 3824 saepissime
1245 3759 1299 3824 po·

227 3847 307 3925 ¹'scuit
342 3847 448 3912 eadem
482 3845 587 3912 littera
618 3847 781 3926 ordientes„
816 3847 1106 3932 („alliterationem“
1141 3847 1299 3931 appellant

236 3954 426 4022 recentiores.
452 3953 507 4038 -)

343 4056 697 4144 „innominationim
720 4081 748 4145 q.
773 4061 802 4129 d.
826 4060 943 4129 rariora
968 4062 1041 4129 sunt
1063 4059 1215 4144 exempla:
