3042 4704
666 255 884 321 ..64-

350 431 456 499 Pando
478 451 531 516 pro
556 432 708 516 expando:
755 431 838 518 Sym.
861 434 956 517 praef.
973 434 998 514 I,
1023 435 1104 501 483:

355 540 422 619 „riu
445 559 538 623 panso
560 539 681 622 poterat
704 558 825 606 currere
848 541 990 607 carbaso‘
1004 541 1057 627 ⁴⁵).

245 648 331 716 Cath.
354 647 426 726 XII,
452 647 525 712 170.
554 646 675 730 „pansis
698 646 731 712 iu
754 646 854 713 altum
876 647 1027 714 brachiis‘

243 754 352 820 Per'mt.
376 754 417 834 II„
441 752 515 818 513.
545 754 732 832 „sueverat‘

349 861 380 928 5.
404 859 576 943 Composita
599 878 654 943 pro
675 879 728 944 pro
752 859 964 943 simplicibus:

244 967 416 1035 confieri
444 967 677 1049 Apoth.1031.
999 989 1002 993 ·

243 1074 424 1141 conviclo
447 1073 556 1157 Psyoh.
582 1074 656 1142 398.
680 1073 790 1141 Perist.
813 1072 867 1152 VI„
891 1075 944 1142 56.

242 1199 419 1265 perarmo
443 1178 531 1245 Ceth.
555 1179 610 1259 VI,
635 1180 686 1245 86.
712 1179 783 1259 VII„
808 1181 859 1245 93.
884 1179 970 1259 VIII,
996 1183 1049 1246 43.

350 1288 380 1354 6.
403 1287 419 1352 Ι
441 1286 606 1352 transitiva
626 1295 658 1369 ‘q.
683 1285 713 1351 d.
738 1287 831 1352 verba
852 1286 986 1352 activam
1003 1289 1067 1352 vim
1089 1290 1204 1355 habent
1226 1293 1306 1374 apud
1401 1352 1404 1358 .

243 1393 445 1458 Prudentium
468 1395 518 1457 ut:

242 1517 426 1565 assuesco
448 1499 544 1583 Sym.
566 1499 591 1578 I„
616 1499 682 1564 540
706 1549 713 1562 .
740 1551 746 1564 .
773 1551 780 1563 .
810 1519 950 1584 „remque
974 1501 1092 1582 Quirini

349 1605 554 1671 adsuescit
577 1623 684 1688 supero
707 1605 821 1688 pollere
850 1607 883 1671 in
907 1609 1028 1674 saecula
1050 1613 1169 1691 regno.“

242 1713 299 1778 cfr.
322 1712 430 1779 uorat.
455 1711 519 1779 sac.
544 1713 584 1790 u,
610 1713 639 1778 2.
666 1714 745 1779 roo:
1181 1695 1185 1701 ’

355 1820 547 1898 „assuerit
569 1820 705 1884 mentem
728 1839 894 1904 corpusque
917 1824 1098 1905 superbum“

243 1945 452 1994 consuesco
475 1926 587 2009 Apoth.
615 1925 694 1992 725:

350 2083 357 2097 .
384 2084 390 2097 .
417 2083 423 2097 .
453 2053 530 2112 „non
553 2033 634 2098 sicut
656 2033 791 2116 sculptor
813 2034 851 2098 ab
875 2034 954 2103 aeris

348 2140 457 2205 rudere
480 2137 635 2206 decoctam
659 2139 884 2206 consuescit
911 2139 1012 2206 vivere
1040 2141 1200 2208 formam.“

242 2249 427 2312 insuesco
451 2244 538 2311 Cath.
568 2246 622 2324 lX,
647 2245 707 2311 95:

353 2352 504 2432 „mortuos
527 2351 601 2416 olim
624 2351 768 2435 sepultos,
793 2355 828 2416 ut
849 2353 949 2418 redire
972 2353 1246 2420 insuesceret.“

242 2463 298 2529 cfr.
321 2462 428 2527 Horat.
454 2459 518 2526 Sat.
543 2461 568 2538 I„
592 2461 623 2524 4.
652 2459 731 2525 105:

353 2567 549 2646 „insuevit
572 2568 660 2649 pater
683 2567 816 2650 optimus
839 2567 907 2631 hoc
936 2573 1013 2630 me.l

351 2675 379 2742 7.
404 2674 506 2740 Verba
528 2673 744 2757 impersonalia
766 2671 970 2756 personalium
993 2671 1059 2738 Ioco
1082 2673 1183 2756 pouit:
1219 2673 1306 2740 Cath.

242 2783 299 2861 ΙΙΙ,
326 2782 376 2848 79.
400 2780 464 2846 loco
487 2780 707 2863 pulcherrImo:

353 2887 470 2966 „Arbor
493 2906 568 2951 onus
594 2886 777 2951 tremefacta
800 2905 887 2950 suum

349 2994 476 3060 deciduo
499 2992 603 3078 gravis
631 2993 729 3057 imbre
751 2992 884 3075 pluit.“

113 3182 121 3191 ¹
242 3101 304 3166 (ΙΙΙ.
330 3099 442 3183 Apoth.
466 3101 547 3164 316:
577 3099 623 3176 „A
646 3099 777 3163 Domino
800 3098 950 3163 Dominus
973 3097 1126 3162 flammam
1158 3097 1238 3180 pluit
1273 3099 1304 3160 in

347 3205 546 3272 Sodomitas.“

345 3531 391 3600 45)
413 3529 571 3594 „carbaso
590 3536 708 3599 panso“
728 3546 744 3584 a
762 3533 834 3584 recto
848 3546 908 3585 casu
932 3527 1103 3593 „carbasum
1116 3531 1244 3598 pansuml
1259 3541 1303 3580 seu

240 3617 364 3673 carbasus
382 3634 506 3686 pansus„
527 3617 596 3688 quod
616 3621 758 3689 utrumque
780 3619 873 3673 rarius.
901 3619 997 3689 Psych.
1016 3619 1070 3673 410
1092 3617 1230 3682 „cornibus
1248 3629 1304 3682 op·

240 3709 382 3778 pansis.“
402 3707 449 3761 cfr.
469 3706 572 3762 Gellius
591 3706 648 3772 XV„
663 3707 704 3771 15„
726 3705 776 3771 „ab
795 3724 834 3772 eo,
857 3706 928 3777 quod
946 3710 989 3762 est
1001 3706 1090 3778 pando
1108 3720 1241 3776 passum
1261 3719 1305 3758 re·

240 3799 311 3850 tores
335 3794 468 3859 dixerunt,
497 3812 549 3851 non
563 3811 702 3866 pansum
720 3800 749 3850 et
767 3812 827 3849 oum
846 3802 894 3860 ‚ex‘
913 3797 1112 3866 praepositione
1130 3809 1305 3863 expassum

240 3899 305 3938 non
332 3891 538 3952 cupansnmf
586 3883 632 3938 cfr.
664 3885 778 3938 Plautus
809 3884 895 3938 Miles.
927 3887 964 3954 gl.
991 3885 1028 3950 ΙΙ,
1054 3886 1079 3938 4.
1106 3885 1129 3938 Ι.
1166 3882 1307 3953 „dispessis

240 3971 387 4028 amnibus*¹
