3042 4704
633 305 852 373 ..25-

211 489 316 555 eutem
359 484 586 570 ,pervetustis.“
652 483 844 567 Quamquam
878 482 983 548 sutem
1016 479 1099 547 idem
1131 499 1274 548 romanae

213 593 401 677 eloquentiae
432 591 572 676 princeps
606 589 668 657 alio
690 591 756 656 lece
784 589 861 655 dicit
870 588 913 674 ²⁹)
952 587 1111 673 ,linguam
1143 587 1273 653 latinam

213 719 272 766 non
293 700 380 766 modo
402 718 463 765 non
485 698 617 782 inopem,
639 698 676 762 ut
695 695 789 781 vulgo
810 695 997 779 putaverint,
1020 694 1074 760 sed
1096 693 1275 778 locupletio-

211 825 274 872 rem
297 825 371 886 esse,
396 825 487 890 quem
513 821 668 889 graecam,
697 804 801 868 tamen
831 801 924 867 tertio
947 804 984 868 de
1006 799 1119 867 finibus
1140 799 1275 886 libro⁸⁰l

209 912 348 978 concedit
375 911 425 991 ,in
448 909 533 976 omni
555 909 631 989 arte,
665 909 752 995 cujus
785 927 858 974 usus
881 906 1020 992 vulgaris
1048 907 1274 991 communisque

207 1038 268 1084 non
291 1017 345 1096 sit,
368 1017 502 1082 multam
523 1015 690 1081 novitatem
714 1015 871 1081 nominum
888 1033 962 1094 esse,
976 1033 1070 1097 quum
1086 1013 1274 1080 constituun-

207 1127 261 1191 tur
283 1142 390 1189 esrum
413 1141 514 1188 rerum
537 1122 694 1202 uocabula,
721 1141 798 1206 quae
820 1122 854 1188 in
869 1140 989 1205 quaque
1011 1120 1079 1186 arte
1093 1122 1269 1187 versentur‘

211 1229 376 1312 eodemque
398 1228 530 1314 librom)
564 1227 710 1294 Catonem
746 1229 801 1306 ,de
823 1228 906 1310 inopi
927 1227 1036 1312 lingua
1058 1226 1175 1292 latina‘
1202 1245 1274 1310 que·

211 1335 330 1401 rentem
345 1334 472 1401 inducit.
496 1335 658 1402 Lucretius
673 1353 798 1418 quoque,
821 1335 988 1400 Prudentio
1002 1332 1272 1413 familiarissimus,

214 1442 420 1526 ,egestatem‘
447 1441 574 1527 linguae
596 1441 713 1508 latinae
727 1459 820 1526 aegre
841 1441 950 1507 tulisse
965 1439 1098 1520 videtur,
1124 1438 1170 1505 ita
1193 1439 1272 1505 enim

205 1548 411 1635 loquitur³²):

314 1705 321 1720 .
347 1705 354 1720 .
380 1705 387 1720 .
413 1706 421 1722 .
450 1655 635 1741 ,Grejorum
657 1655 786 1721 obscura
808 1656 929 1738 reperta

313 1761 441 1829 difficile
463 1762 631 1829 inlustrare
653 1761 761 1828 latinis
783 1762 921 1828 uersibus
949 1780 1023 1842 esse,

314 1869 413 1934 multe
435 1869 522 1934 nevis
544 1868 647 1935 verbis
669 1868 850 1952 pracsertim
872 1888 943 1934 cum
966 1868 1009 1934 sit
1030 1867 1195 1953 egendum,

315 1975 437 2058 propter
459 1976 627 2060 egestatem
650 1973 777 2060 linguae
804 1976 835 2041 et
856 1994 958 2040 rerum
982 1974 1180 2040 novitatem‘

317 2080 482 2164 Praecepto
504 2081 601 2166 igitur
623 2083 736 2148 summi
759 2081 888 2149 oratoris
910 2081 993 2160 licet,
1022 2099 1114 2164 quum
1138 2079 1273 2163 pedestri

211 2184 346 2251 cratime
368 2186 581 2266 scribentibus,
614 2188 680 2254 tum
715 2188 876 2271 praecipue
905 2189 1011 2271 poetis,
1046 2186 1155 2270 quibus
1177 2185 1273 2252 licen·

210 2292 287 2357 tiam
317 2292 429 2357 statuit
466 2294 630 2378 ,maJ'orem
654 2313 728 2374 esse,
764 2313 854 2378 quam
877 2294 909 2359 in
932 2295 1029 2375 nobis,
1064 2292 1272 2360 faciendorum

208 2398 299 2480 atque
318 2396 546 2484 jungendorum
562 2402 794 2484 uerborum‘⁸³)
817 2400 919 2467 uerbis
935 2401 981 2466 uti
996 2401 1125 2484 priuatis
1148 2419 1184 2465 ac
1199 2400 1272 2480 suis,

207 2503 386 2587 praesertim
409 2499 531 2588 quando
553 2506 697 2574 derebus
719 2509 816 2592 agant
843 2527 902 2573 non
930 2506 1155 2591 ,pervagatis“,
1179 2523 1272 2590 eaque

207 2609 335 2675 licentia
357 2630 429 2677 usus
451 2613 649 2694 Prudentius,
683 2633 830 2699 magnam
853 2615 1014 2681 verborum
1036 2613 1111 2692 vim,
1145 2614 1180 2676 ut
1202 2631 1271 2678 cnm

210 2714 350 2782 Cicerone
373 2717 490 2800 loquar,
514 2720 634 2804 genuit,
658 2721 791 2800 novavit,
814 2721 899 2798 feeit,
922 2738 1048 2804 quorum
1063 2718 1196 2802 plurima
1220 2718 1272 2783 de-

165 2907 169 2912 ,
211 2820 298 2887 cursu
320 2813 467 2907 temporis
489 2827 527 2891 ab
550 2825 600 2905 iis,
631 2827 685 2910 qui
714 2828 751 2893 de
783 2826 963 2911 theologicis
984 2826 1075 2890 rebus
1098 2825 1236 2891 scribeba
1254 2824 1273 2906 t

209 2926 334 2995 civitate
356 2931 446 3013 quasi
469 2932 592 3011 donata,
615 2932 647 2998 in
671 2934 805 3000 omnium
828 2932 982 2999 cresunt.
1006 2931 1179 2996 Fatendum
1202 2949 1272 2996 vero

208 3034 264 3113 est,
288 3053 434 3120 magnam
458 3057 561 3104 eorum
579 3041 698 3122 partem
715 3041 820 3105 contra
835 3038 961 3124 genium
976 3039 1007 3103 et
1022 3037 1272 3104 consuetudinem

206 3140 333 3225 liuguae
355 3140 481 3223 latinae,
506 3144 650 3228 nulleque
672 3147 802 3231 urgente
825 3145 1007 3213 necessitate
1029 3145 1155 3224 factam,
1179 3143 1272 3209 mini·

209 3265 316 3330 meque
340 3247 555 3330 adhibendam,
579 3252 632 3318 sed
656 3254 757 3336 potius
782 3253 1070 3336 perhorrescendam
1092 3269 1156 3318 esse
1178 3270 1271 3334 purae

119 3446 123 3451 .
207 3351 375 3420 latinitatis
398 3357 552 3423 studiosis.

208 3497 421 3508 --—-......

315 3566 360 3635 29)
379 3565 412 3621 de
429 3565 505 3622 finib.
524 3568 548 3633 Ι,
567 3569 592 3633 3,
611 3570 635 3638 9.
656 3571 697 3624 10.

314 3655 350 3710 30
367 3654 400 3710 de
418 3654 494 3711 finib.
513 3656 567 3722 III,
586 3659 612 3723 1,
630 3658 655 3726 9.
673 3659 698 3713 3.

314 3744 360 3809 31)
380 3743 446 3798 ibid.
466 3745 510 3810 15,
528 3746 553 3814 9.
572 3746 616 3802 51.

313 3832 401 3902 3211.
420 3835 500 3890 uuae
527 3833 581 3902 (ed.
599 3835 755 3892 Lachmann
774 3837 861 3892 Berol.
880 3837 961 3904 1871)
985 3837 1031 3893 cfr.
1054 3837 1075 3892 1.
1096 3855 1121 3893 v.
1140 3838 1200 3894 830.
1218 3835 1271 3901 ΠΙ,

207 3920 267 3976 260.
287 3920 352 3978 Hor.
371 3921 420 3993 Ep.
439 3922 473 3978 ad
492 3923 612 3979 Pisones.

314 4011 360 4080 33)
378 4010 471 4068 (licere
489 4011 594 4068 Orator.
616 4015 660 4079 20,
678 4015 703 4084 fl.
723 4015 766 4070 68.
