3042 4704
675 279 894 350 *62*-

251 458 421 542 Peristeph.
446 457 517 538 XII,
539 458 594 524 48.
619 458 760 524 omnibus
775 457 898 542 seriptis
927 459 958 524 et
991 458 1084 524 editis
1118 455 1160 546 (si
1181 459 1315 541 Fabrici,

251 564 381 631 Giselin.
412 565 443 631 et
472 564 520 630 ed.
554 564 725 631 Amstelod.
752 567 847 631 1613.
883 565 1024 648 excipias,
1055 565 1109 630 ubi
1149 563 1316 655 ,clausit‘)

250 670 381 756 legitur:
425 670 582 754 ,princeps
604 672 700 738 bonus
722 671 778 737 has
807 671 942 738 sacravit
964 690 1049 738 arces
1191 701 1193 706 ·

425 777 620 860 ,lusitque
643 777 765 862 magnis
787 779 939 844 ambitum
961 777 1116 844 talentis·

249 883 332 950 solus
366 883 458 950 codex
495 901 513 948 a
548 882 722 971 (vaticanus
755 884 858 968 3859)
892 885 1015 950 exhibet
1053 884 1315 968 ,elusitque“‚

250 1010 341 1073 quern
364 989 495 1056 Dressel.
525 990 714 1075 ,elegantem
731 991 921 1075 optimaeque
939 991 1135 1075 praebentem
1147 991 1310 1058 lectiones“

250 1097 335 1162 dicit.
361 1090 511 1162 Cellarius
526 1095 746 1179 interpretans:
776 1097 902 1176 ,lusit
926 1097 1038 1180 inquit,
1063 1098 1145 1162 idem
1169 1097 1314 1182 estquod

249 1203 367 1286 pinxit,
404 1221 586 1286 versumque
612 1203 694 1269 hunc
728 1205 884 1287 comparat
918 1223 987 1269 cum
1015 1204 1126 1270 Perist.
1161 1203 1216 1284 XI,
1243 1205 1315 1270 125.

250 1308 311 1394 (est
333 1328 402 1376 vero
421 1310 516 1396 130):

361 1435 475 1514 ,Docta
499 1453 607 1501 manus
630 1434 744 1502 virides
771 1435 920 1501 imitando
944 1435 1090 1522 effingere
1114 1436 1220 1502 dumos

341 1529 511 1608 'luserat
534 1542 572 1606 et
600 1541 721 1607 minio
747 1542 915 1609 russeolam
938 1543 1083 1608 saniem.“

250 1668 364 1733 Verum
403 1665 528 1748 quidem
566 1666 612 1730 est
650 1665 705 1732 hoo
743 1667 808 1732 loeo
849 1666 973 1746 ,ludere‘
1012 1665 1092 1730 idem
1131 1683 1195 1730 esse
1233 1664 1312 1746 quod

255 1773 415 1876 ,pingere“
443 1772 492 1837 vol
515 1770 615 1855 potius
647 1771 812 1852 ,imitari“,
833 1773 913 1838 sicut
935 1773 1016 1856 apud
1039 1771 1212 1838 Ciceronem
1234 1771 1314 1856 legi-

248 1881 314 1945 tur:
344 1898 516 1958 ,summum
547 1879 664 1944 luctum
688 1879 831 1962 penicillo
854 1879 989 1945 imitari“
1027 1879 1079 1946 sed
1103 1878 1237 1963 primum
1261 1878 1316 1943 ad-

250 1987 344 2065 ditur,
361 2006 419 2070 quo
434 1987 503 2051 lusa
522 1986 564 2052 sit
591 1985 742 2064 ,russeola
758 1987 890 2065 sanles“,
907 2005 1016 2070 nempe
1037 1986 1182 2064 ,minio“‚
1207 1985 1316 2050 deinde

248 2095 376 2176 utroque
399 2112 488 2158 versu
505 2092 542 2156 de
565 2091 711 2178 imagine,
730 2093 763 2157 in
782 2093 898 2176 parlete
920 2093 1003 2176 picta
1027 2093 1140 2178 agitur,
1164 2095 1200 2157 ut
1223 2093 1316 2158 facile

248 2199 413 2284 intellegas
429 2199 557 2265 verbum
580 2198 707 2264 ludendi
729 2200 803 2282 quid
818 2200 988 2283 significet;
1005 2201 1101 2265 altero
1123 2200 1228 2265 tamen
1250 2199 1316 2266 loco

169 2362 172 2369 .
254 2306 346 2386 ,lusit
369 2305 538 2372 ambitum“
566 2306 597 2371 et
612 2306 759 2371 audacius
782 2307 813 2370 et
835 2306 997 2374 intellectu
1016 2306 1172 2372 difficilius
1197 2306 1314 2371 dictum

249 2431 314 2478 esse
337 2411 469 2490 videtur,
493 2411 596 2493 itaque
625 2412 759 2495 quodin
789 2412 891 2478 codice
916 2432 935 2480 a
959 2413 1177 2494 scriptumest
1201 2409 1311 2491 ,elusit‘

248 2519 281 2582 in
321 2518 447 2597 ,clusit“
485 2518 635 2584 facillima
665 2518 876 2584 emendatione
903 2517 1086 2604 mutandum
1110 2537 1173 2584 esse
1196 2535 1310 2594 censeo,

250 2623 351 2709 (cujus
367 2623 453 2689 verbi
476 2623 647 2707 exemplum
663 2624 835 2690 Dresselius
858 2624 947 2689 affert
970 2643 1005 2688 er
1020 2623 1150 2690 Neronis
1173 2641 1311 2688 nummo:

361 2746 511 2826 ,OlusIt
534 2749 613 2814 Pace
636 2747 671 2814 P.
696 2749 732 2814 R.
758 2747 879 2832 Ubique
901 2749 996 2814 Parta
1018 2748 1170 2832 danum)

249 2872 309 2919 non
332 2853 456 2937 quidem
479 2873 569 2920 seusu
591 2853 711 2936 proprio
739 2854 952 2933 ,obserrandi“
975 2855 1029 2920 sed
1051 2853 1200 2920 translato
1228 2873 1314 2936 ,per-

249 2959 389 3024 ficiendi“
418 2960 474 3025 cfr.
498 2959 576 3024 Stat.
601 2959 694 3026 Theb.
725 2959 779 3038 XI,
803 2961 846 3026 58
886 2960 1044 3039 ,claudere
1067 2960 1174 3026 bella.“
1226 2959 1312 3023 Gise·

249 3066 341 3145 linus,
377 3065 497 3150 (quiin
520 3067 606 3130 textu
645 3067 791 3144 ,clausit“
830 3067 1003 3150 scripserat,
1039 3067 1071 3130 in
1093 3063 1311 3131 commentario

254 3172 381 3256 ,Iusit“)
404 3171 639 3254 interpretatur:
672 3172 764 3251 ,adeo
789 3173 960 3240 liberaliter
975 3173 1079 3250 erexit,
1102 3171 1137 3235 ut
1159 3170 1312 3237 sumtibus

248 3279 417 3362 pepercisse
440 3298 499 3344 non
523 3278 692 3345 videatur.“
722 3315 762 3326 -

356 3405 384 3470 2.
432 3404 589 3470 Nonnulla
611 3405 704 3470 habet
727 3406 819 3470 verba
846 3425 899 3488 per
923 3425 1086 3490 syncopam
1109 3406 1267 3470 truncata:

248 3530 412 3597 porgere
449 3510 530 3596 Sym.
567 3511 591 3588 1,
628 3510 701 3577 275.
737 3511 985 3593 praeminere
1020 3511 1107 3577 earn.
1146 3511 1201 3588 XI,
1239 3511 1309 3576 109.

248 3616 359 3686 Perist.
382 3617 421 3696 X,
446 3619 520 3683 349.
536 3617 606 3695 XII,
627 3618 678 3683 12.
701 3617 981 3700 comprendere
1004 3617 1117 3700 Apoth.
1145 3619 1173 3681 I.
1198 3617 1311 3701 (com-

248 3724 448 3810 prendier)
484 3723 535 3791 25.
559 3725 633 3790 808.
661 3725 755 3789 1028.
793 3726 882 3791 Ham.
917 3724 991 3790 834.
1024 3725 1136 3790 Perist.
1170 3722 1225 3802 IX,
1261 3722 1312 3789 23.

247 3832 339 3898 Ham.
378 3832 430 3896 92.
485 3830 776 3914 (comprendat.)
822 3830 891 3914 (cfr.
929 3831 1024 3896 etiam
1071 3828 1314 3913 deprendere

248 3939 358 4024 Psych.
382 3938 455 4002 264.
481 3935 563 4018 Sym.
588 3935 628 4014 II,
654 3936 728 4002 430.
763 3936 955 4018 deprendi
986 3937 1069 4022 Sym.
1095 3937 1135 4015 Il,
1161 3937 1212 4002 76.
1249 3935 1314 4000 de·
