3042 4704
661 305 881 374 ..77-

238 485 339 553 terum
362 485 484 570 scriptis
511 484 739 569 protrahendis,
768 485 944 565 contentus,
968 503 1063 569 quum
1085 483 1119 550 id
1140 485 1301 570 praecipue

239 593 355 677 ageret,
379 593 415 657 ut
444 591 523 674 quod
552 592 644 658 verbo
667 590 822 676 designari
846 590 951 669 vellet,
975 589 1008 656 id
1036 590 1146 659 fortius
1168 591 1301 678 legentis

239 699 375 766 animum
410 698 557 777 efficeret,
593 699 701 763 neutra
723 697 878 783 adjectiva
902 697 997 782 (sing.
1021 697 1066 782 n.)
1088 696 1302 766 adverbiorum

239 804 303 872 loro
325 805 446 887 saepius
469 803 612 870 adhibuit
634 823 759 888 graecos
781 803 932 872 imitatus.
955 803 1042 869 Neue
1064 804 1106 884 ΙΙ,
1129 824 1201 890 pag.
1225 804 1300 873 504.

240 913 327 979 docet
351 910 571 996 distinguenda
593 929 658 977 esse
692 909 839 977 adverbia
861 909 895 974 in
925 915 963 987 ,e‘
988 910 1138 991 exeuntia,
1163 930 1240 996 quae
1261 911 1302 976 ad

238 1018 392 1106 adjectiva
415 1017 448 1083 in
472 1017 520 1097 ,is‘
542 1017 715 1084 desinentia
729 1016 883 1100 pertinent
905 1034 950 1081 ex.
967 1035 1014 1100 gr.
1037 1016 1179 1098 sublime,
1194 1017 1301 1098 celere,

238 1144 381 1204 memore,
404 1124 476 1205 alia,
500 1144 519 1190 a
540 1125 657 1192 neutris
680 1123 842 1209 adjectivis
865 1124 896 1189 et
925 1123 958 1188 in
983 1127 1055 1202 ‚um‘
1079 1124 1165 1188 etin
1189 1129 1226 1203 ,e‘
1250 1124 1302 1190 de·

239 1231 419 1312 sinentibus,
454 1250 531 1315 quae
570 1231 730 1315 praecipue
772 1229 853 1313 apud
887 1230 991 1313 poetas
1024 1228 1301 1297 adverbiorum

240 1337 326 1404 loco
359 1339 521 1421 ponantur,
555 1338 683 1404 minime
705 1339 809 1403 tamen
842 1355 915 1403 vera
937 1335 1005 1402 sint.
1023 1336 1177 1417 adverbia,
1201 1356 1302 1404 exem·

238 1443 383 1528 plumque
406 1443 516 1526 prioris
531 1445 653 1530 generis
680 1462 715 1509 ex
738 1442 884 1508 Purdent.
908 1441 1013 1508 affert·
1026 1442 1137 1508 Perist.
1154 1443 1193 1523 X,
1216 1443 1300 1510 428:

242 1569 417 1635 ,nunquram
436 1600 444 1615 .
468 1603 475 1619 .
501 1600 508 1615 .
534 1550 650 1618 aliter
665 1550 820 1634 precabor,
837 1568 927 1631 quam
944 1548 1070 1632 fidele
1092 1550 1128 1615 ut
1143 1549 1296 1616 militent¹¹

346 1658 494 1740 Equidem
517 1677 622 1742 quum,
645 1658 679 1722 in
702 1676 831 1741 quonam
848 1655 1042 1739 potissimum
1057 1655 1216 1723 distinctio
1238 1657 1300 1723 ista

237 1764 337 1846 posita
360 1764 411 1842 sit,
434 1782 495 1828 non
528 1765 604 1828 bene
628 1762 759 1842 videam,
794 1763 964 1850 promiscue
994 1765 1025 1830 et
1052 1769 1160 1843 ,vera‘
1186 1765 1218 1829 et
1239 1782 1301 1830 non

238 1887 320 1948 vera,
343 1867 368 1951 si
392 1868 438 1933 ita
466 1867 585 1951 placet,
610 1887 719 1952 graeco
741 1887 824 1934 more
848 1869 968 1952 prolata
990 1868 1136 1936 adverbia
1157 1869 1300 1950 afferamr

239 1975 312 2040 sunt
334 1975 437 2039 autem
459 1974 555 2040 haec:

238 2081 442 2147 aeternum
461 2082 546 2166 jacet
568 2082 679 2148 Perist.
704 2083 744 2161 ΙΙ,
769 2082 844 2148 508.

238 2189 387 2254 castum
411 2207 516 2271 sapere
539 2187 627 2256 Ceth.
651 2188 692 2268 ΙΙ,
717 2189 769 2254 32.

237 2294 472 2360 indomitum
495 2295 613 2360 tumere
636 2293 746 2380 Psych.
770 2296 845 2362 296.

236 2401 451 2486 malignum
472 2420 664 2468 murmurare
686 2401 797 2471 Perist.
825 2401 864 2481 V,
887 2401 964 2470 417.

236 2526 409 2573 mancum
433 2507 607 2574 claudicare
629 2508 740 2575 Perist.
765 2509 807 2588 ΙΙ,
833 2508 908 2574 231.

236 2611 392 2696 longum
416 2614 507 2680 silere
530 2607 640 2680 Perist.
664 2614 704 2694 X,
728 2615 803 2680 393.

235 2717 413 2800 pulcrum
435 2719 594 2802 splendere
618 2719 708 2787 Cath.
731 2721 802 2798 Vll,
828 2721 879 2787 78.

236 2841 415 2890 severum
439 2825 540 2892 vivere
564 2825 653 2893 Ceth.
678 2828 719 2907 ll,
744 2828 796 2893 33.

235 2929 372 2996 sudum
395 2932 565 3015 praenitere
589 2931 677 2999 cnon.
701 2933 772 3013 Vll,
796 2934 849 3000 80.

234 3055 453 3120 supremum
475 3038 629 3122 palpitare
652 3037 739 3105 cath.
765 3039 836 3121 Vll,
863 3042 935 3109 142.

233 3141 405 3210 taetrum
428 3145 560 3231 flagrare
583 3144 673 3213 catu.
697 3147 752 3227 lv,
778 3147 831 3212 22.

233 3245 344 3313 dulce
366 3249 519 3318 delectare
541 3253 653 3319 Perist.
677 3253 716 3332 X,
740 3254 816 3320 365.

232 3352 335 3446 exile
357 3356 479 3424 trahere
503 3359 615 3441 Apoth.
641 3360 715 3425 847.

231 3459 247 3524 f
252 3459 355 3526 utile
377 3463 517 3530 frendere
539 3465 631 3532 Ham.
655 3466 730 3532 560.

229 3565 493 3636 formidabile
515 3572 633 3637 fervere
655 3572 766 3658 Psyoh.
791 3574 866 3641 296.

229 3673 354 3741 fidele
376 3676 511 3742 militare
534 3679 644 3744 Perist.
669 3678 707 3759 V,
730 3679 807 3747 428.

229 3781 375 3864 grande
399 3784 517 3850 tumere
542 3785 634 3851 Ham.
661 3786 734 3852 171.

226 3887 320 3972 juge
343 3888 453 3956 dirrare
477 3890 552 3958 ibid.
576 3892 653 3958 472.
