3042 4704
647 343 876 412 -p,r‚-

231 550 302 598 mon
323 526 511 613 adjectivum
534 522 747 608 indagandum
772 519 966 603 suscipimus,
990 537 1025 585 oe
1041 537 1133 599 vero,
1154 538 1232 601 queo
1255 518 1293 584 de

233 635 498 705 substantivorum
513 629 717 696 declinatione
738 628 770 695 et
786 646 896 712 genere
918 627 991 692 sunt
1006 625 1135 691 dicende
1151 626 1294 708 sequente

233 741 331 826 capite
354 738 556 817 absolvemus,
581 737 616 802 ut
649 753 710 800 nno
732 734 820 817 quusi
841 733 961 810 obtutu,
995 731 1073 797 recti
1107 749 1194 798 cesus
1217 729 1293 795 ntri-

233 867 324 932 usqoe
351 845 483 912 nominis
514 840 752 928 proprietatibus
775 839 929 922 expositis,
953 872 994 886 -—
1028 836 1146 919 obliqui
1178 835 1294 902 utrius

230 973 318 1022 ossus
341 951 460 1037 possint
481 948 646 1016 observari.
672 983 713 994 —-

604 1248 922 1260 m—

670 1500 770 1608 Oap.
803 1501 855 1583 H.

574 1689 618 1757 bs
643 1689 771 1760 nomine
804 1687 974 1778 alieniso.
1030 1667 1032 1672 ’

716 1884 745 1966 §-
779 1886 810 1950 3.

551 2023 765 2110 Adjeotivu
818 2026 973 2091 noveta.

341 2219 402 2285 Res
423 2219 573 2284 uarietas
596 2217 676 2286 vivis
698 2218 848 2284 coloribus
891 2219 1034 2298 ,florente
1066 2219 1210 2285 orationis
1240 2239 1294 2304 go·

234 2329 322 2390 nero“
350 2326 495 2412 pingere,
519 2326 554 2390 ut
577 2324 665 2410 qussi
687 2325 759 2391 ante
782 2325 885 2391 oculos
906 2325 1013 2391 edesse
1029 2325 1201 2404 videantur,
1225 2345 1295 2392 vero

232 2432 384 2512 poeticum
408 2432 465 2509 est,
490 2432 569 2515 quod
593 2433 628 2497 ut
650 2433 851 2514 assequantur
873 2433 979 2515 poetae
1002 2432 1295 2514 rerumproprietc·

232 2536 279 2602 tes
301 2536 546 2616 substilissimus,
570 2537 661 2620 etque
683 2537 815 2603 maxime
838 2537 878 2602 ed
912 2557 963 2603 eas
996 2539 1192 2621 pertinentes,
1227 2537 1294 2621 qni·

232 2642 348 2726 busque
369 2643 449 2710 eliae
482 2643 583 2710 abiis
617 2643 766 2710 facillimo
800 2643 1032 2729 distinguantur
1065 2644 1170 2710 sedulo
1203 2663 1295 2727 eppo

232 2750 319 2829 nunt,
354 2749 518 2832 ,epithetis‘
543 2769 571 2832 q.
607 2749 716 2816 Graeci
749 2751 875 2827 vocant,
909 2751 1086 2816 ornantibus
1127 2749 1294 2833 diligenter

231 2855 369 2920 utuntur.

338 2962 540 3028 Prudentium
574 2981 689 3046 quoqne
733 2962 805 3030 buio
828 2962 930 3030 studio
975 2964 1108 3030 murimo
1140 2963 1294 3028 intentum

231 3066 430 3151 dedi-tumque
453 3069 548 3136 fuisse
570 3068 620 3134 vel
643 3088 679 3136 er
694 3087 728 3135 eo
766 3087 946 3154 cognoscere
986 3069 1070 3149 licet,
1109 3070 1189 3152 quod
1226 3088 1294 3152 per-
1398 3119 1401 3124 .

232 3171 331 3236 multa
353 3174 477 3242 nomina
500 3176 654 3260 adjrotiva
676 3175 808 3255 finxerit,
824 3195 1039 3260 nonnunquam
1062 3195 1132 3243 voro
1162 3175 1294 3242 varieta-

232 3273 273 3340 tis
296 3293 387 3342 reuse
409 3279 478 3357 duo,
502 3281 551 3346 rel
573 3282 667 3348 etiem
691 3282 751 3349 trie
774 3282 815 3347 ad
838 3283 966 3348 eandem
989 3283 1207 3365 proprietatem
1241 3282 1294 3347 ds·

231 3376 432 3461 signandsmr
471 3383 552 3449 ‘niem
585 3387 725 3452 variandi
759 3388 897 3454 studium
926 3389 994 3472 jem
1031 3389 1065 3454 in
1092 3389 1294 3456 substantivis

232 3483 405 3552 nominibus
427 3489 581 3556 observari
603 3491 712 3573 potest,
735 3492 869 3576 legimus
892 3493 990 3558 enim:

231 3589 320 3656 (leth.
343 3591 383 3672 X,
408 3595 459 3662 90.
481 3595 579 3678 ,quod
601 3614 655 3680 per
677 3596 928 3664 cruciamina
949 3598 1004 3664 lot·

478 3702 546 3780 ,vis
560 3703 706 3786 panditur
729 3701 825 3769 ardua
846 3703 965 3787 justis.“

229 3805 343 3888 Apotb.
358 3809 417 3874 70:
445 3828 555 3892 ,quem
567 3808 1287 3878 contortambusdonsiscrucistibuserlit.“

230 3909 320 3978 Hem.
335 3914 418 3980 834:
435 3915 618 3994 ,Vermibus
631 3918 663 3982 et
677 3915 1290 3984 flammisetdiscruciatibnseevum

429 4022 621 4099 ,immortale
642 4023 756 4090 dedit.“

1090 4133 1134 4199 3*
