3042 4704
637 499 840 612 Index.

684 719 789 728 ---—·-—-

206 803 374 858 Prooemium
420 844 1179 862 ..................
1188 868 1190 872 ,
1253 812 1270 865 5

676 983 753 1037 Pars
771 983 798 1038 1.

206 1108 245 1162 De
265 1108 470 1162 christianorum
498 1111 637 1178 poetarum
668 1109 697 1162 in
730 1109 892 1172 universnm,
920 1112 980 1164 tum
1008 1110 1040 1164 de
1067 1111 1198 1165 Prudenti
1268 1087 1270 1100 Ι

242 1198 387 1252 carminum
408 1199 435 1252 vi
453 1201 558 1268 poetica
614 1239 1199 1256 ..............
1253 1202 1269 1253 8

666 1377 742 1432 Pars
763 1376 807 1431 11.

572 1510 576 1520 ’
641 1524 791 1582 Quaestio
809 1524 834 1574 Ι.

578 1663 627 1716 De
654 1661 896 1718 nominibus.

206 1767 269 1836 Gap.
289 1769 311 1822 I.
365 1769 405 1822 De
423 1770 531 1823 nomine
553 1769 736 1824 Substantivo.

278 1859 301 1925 θ.
322 1859 345 1912 1.
365 1857 543 1912 Substantiva
567 1862 667 1914 novata
704 1900 1197 1915 ............
1235 1864 1269 1916 24

365 1947 397 2001 A.
416 1948 493 2002 Nom.
512 1949 600 2002 Subst.
624 1951 681 2002 sine
700 1949 886 2017 conjunctione
904 1949 977 2003 faeta
1015 1990 1198 2004 .....
1236 1954 1269 2006 26

366 2037 396 2090 B.
415 2037 492 2091 Nom.
512 2037 603 2092 Subst.
622 2055 653 2092 ex
671 2037 858 2106 conjunctione
877 2037 950 2091 faeta
970 2081 1198 2094 ......
1236 2043 1269 2096 ‘29

277 2129 301 2195 ξ.
321 2129 345 2180 2.
365 2126 543 2181 Substanti'va
561 2127 695 2188 inusitata
715 2126 905 2182 terminatione
926 2169 1199 2184 .......
1236 2133 1269 2185 ‘29

206 2215 268 2286 Cap.
292 2215 328 2272 Il.
366 2217 405 2270 De
424 2217 530 2272 nomine
549 2217 691 2287 adjectivo.

278 2308 302 2374 ξ.
321 2307 345 2360 3.
366 2305 509 2374 Adjeotiva
530 2311 630 2362 novata
661 2348 1199 2362 .............
1236 2310 1270 2362 35

367 2395 398 2449 Α.
418 2394 561 2464 Adiectiva
580 2397 637 2450 sine
656 2396 841 2464 conjunctione
860 2399 961 2450 novata
1016 2436 1198 2450 .....
1235 2396 1269 2450 37

366 2485 397 2539 Β.
416 2483 559 2553 Adjeetiva
578 2501 609 2538 ex
627 2484 812 2554 conjnnetione
834 2485 933 2539 iacta.
971 2528 976 2546 ,
1016 2526 1197 2540 .....
1235 2485 1269 2538 39

278 2577 302 2644 ξ.
321 2576 345 2628 4.
365 2573 509 2642 Adjeetiva
528 2575 662 2629 inusitata
680 2576 871 2629 terminatione
927 2615 1198 2629 .......
1234 2574 1268 2626 41

207 2663 271 2733 Cap.
294 2663 345 2717 III.
364 2663 405 2717 De
423 2665 562 2718 nominum
580 2665 665 2718 nnbat.
685 2667 714 2718 et
732 2664 829 2733 adjeot.
850 2663 1029 2718 declinatione
1059 2707 1064 2718 .
1104 2709 1109 2720 .
1148 2704 1155 2719 .
1193 2707 1198 2717 .
1235 2663 1270 2716 4‘2

207 2753 270 2823 Cap.
298 2753 344 2807 Ν.
364 2753 405 2807 De
423 2770 520 2822 genere
538 2771 608 2808 nom.
632 2754 708 2809 subet
710 2795 1201 2809 ............
1238 2753 1272 2808 50

207 2843 270 2913 Cap.
314 2843 345 2898 V.
366 2844 406 2897 De
425 2843 578 2898 nominibus
596 2843 779 2898 numeralibus
793 2884 1200 2898 ..........
1238 2843 1272 2896 53

634 2991 784 3049 Quaestio
803 2991 844 3042 H.

473 3131 519 3183 De
538 3131 618 3184 aliis
643 3131 818 3184 orationis
836 3131 1005 3201 partibus.

207 3235 271 3306 Cap.
309 3237 331 3292 1.
367 3239 408 3291 De
426 3239 582 3306 pronomine
615 3276 1200 3295 ..............
1237 3237 1271 3290 55

207 3325 271 3396 Cap.
293 3327 330 3380 Π.
366 3326 406 3380 De
426 3326 514 3380 verbo.

278 3417 303 3484 ξ.
324 3418 346 3471 1.
366 3415 454 3471 Verba
478 3421 578 3472 novata
617 3458 1199 3473 ..............
1239 3417 1274 3471 58

279 3507 302 3574 §-
323 3509 346 3561 2.
367 3505 455 3561 Verba
474 3507 608 3561 inusitata
626 3508 818 3562 terminatione
838 3511 866 3562 et
884 3507 1112 3576 significatione.
1152 3549 1156 3560 .
1195 3549 1201 3560 .
1239 3508 1272 3560 61

278 3597 302 3664 ξ.
322 3598 348 3653 3.
366 3598 407 3650 De
426 3597 566 3651 verborum
585 3597 766 3652 declinatione
794 3636 1201 3652 ..........
1238 3594 1272 3647 67

208 3684 271 3754 Cap.
295 3687 346 3740 111.
366 3685 686 3757 Deadve1·bio.(Additi
708 3687 845 3742 sunt-loci
866 3686 1045 3741 Prudentiani
1066 3685 1201 3750 „annomi-

367 3776 476 3832 natione
495 3779 523 3830 et
541 3775 739 3831 alliteratione“
764 3776 905 3845 insignes.)
929 3814 1199 3830 .......
1239 3771 1273 3825 lb

634 3991 842 4008 ψ
