3042 4704
646 353 850 416 -·1o-=

323 529 403 593 Hinc
432 537 532 594 sermo
563 530 719 611 poetarum
749 527 984 594 christianorum
1014 528 1118 610 punito
1147 526 1276 604 tenuior,

219 637 421 713 irretiendos
454 637 613 701 verborum
643 636 793 717 exquisite
815 647 940 718 pompe,
973 635 1026 701 sed
1056 634 1277 698 sententiarum

191 820 194 828 ι
218 744 371 827 gravitate
394 742 542 826 insignis,
571 743 642 807 binc
662 744 769 828 jejuna
792 743 943 825 quaedem
966 743 997 807 tt
1020 742 1101 806 sicce
1124 740 1276 806 scribendi

218 840 306 927 ratio,
337 849 409 914 hino
439 850 547 928 etiarn,
580 849 606 914 si
630 859 679 914 ecs
702 861 770 914 cum
802 850 931 932 optimis·
950 849 1060 914 latinis
1079 849 1280 930 scriptoribus

218 965 392 1037 comparare
415 956 548 1034 studeas,
573 970 649 1033 eam,
674 973 750 1038 quae
771 956 853 1020 recte
876 950 1036 1021 scribendo
1054 945 1197 1036 impositu
1221 955 1276 1032 est,

218 1073 355 1127 normann
372 1063 549 1144 saepissime
565 1063 705 1128 loticiam
718 1063 863 1140 invenies,
880 1063 1001 1145 iateque
1018 1071 1066 1127 bos
1080 1062 1220 1145 divagari
1230 1061 1278 1126 fa-

218 1171 311 1234 tearis
327 1187 451 1235 necesso
463 1172 519 1236 est.
544 1169 685 1248 Accedit,
705 1171 782 1252 quod
799 1170 830 1233 oi
845 1169 983 1234 libertati
999 1170 1029 1233 et
1043 1169 1157 1233 titteris
1173 1167 1279 1250 iniqua

217 1276 435 1358 imporatorum
451 1279 561 1357 aetate,
578 1278 696 1361 lingna,
709 1277 822 1359 optime
838 1295 856 1341 a
873 1268 1015 1341 Cicerone
1028 1277 1058 1340 et
1073 1293 1091 1338 c
1104 1273 1209 1356 poetis,
1226 1273 1278 1356 qui

218 1383 354 1468 Augusti
377 1385 513 1466 tempore
541 1385 720 1463 floruerant,
751 1384 870 1448 exculte
894 1383 925 1445 in
953 1382 1016 1446 dies
1039 1381 1140 1464 magis
1163 1381 1278 1464 magis-

219 1506 276 1571 qne
299 1489 532 1572 depravabatur,
557 1507 652 1572 quum
674 1493 771 1556 rostra
789 1490 923 1567 silerent,
947 1505 1039 1571 quum
1064 1489 1186 1553 senatus
1210 1505 1277 1552 sen·

218 1596 332 1660 tentias
355 1615 414 1661 non
436 1599 605 1680 rogaretur,
630 1615 731 1680 quom,
748 1599 783 1662 ut
799 1599 844 1661 ait
859 1595 947 1661 Corn.
972 1594 1106 1673 Tacitae,
1131 1593 1278 1658 memoria

219 1701 283 1766 fore
305 1714 374 1767 curn
398 1721 469 1768 voce
491 1703 677 1786 perderetur.
703 1704 815 1785 Quodsi
843 1703 981 1785 donique,
1005 1702 1052 1766 uti
1068 1717 1197 1784 aequuum
1221 1701 1277 1780 est,

220 1809 380 1888 concedes,
408 1811 576 1875 nessurinm
601 1811 694 1876 fuisse
717 1827 794 1875 nova
816 1810 965 1893 religione
989 1808 1159 1891 divulgata,
1184 1823 1277 1890 quum

219 1927 314 1982 novae
336 1917 499 1999 opiniones,
524 1917 705 2001 ignotaeque
733 1935 825 1999 usque
849 1917 887 1981 ad
911 1915 989 1980 iilud
1011 1916 1134 1996 tempus
1158 1915 1278 1979 sermn-

219 2023 282 2088 tiae
304 2023 461 2088 hominurn
483 2025 604 2094 animis.
627 2026 662 2089 in
676 2025 772 2089 tantis
788 2023 931 2102 tenebris,
956 2023 1080 2105 repente
1094 2010 1277 2099 iilnrissent,

220 2131 255 2194 ut
277 2141 354 2196 nova
376 2143 491 2214 quoque
509 2133 600 2198 verba
623 2133 672 2198 vol
694 2132 892 2216 fingerentur,
915 2131 965 2196 vel
989 2147 1006 2196 e
1028 2141 1138 2215 gracco
1160 2125 1278 2213 lingua,

220 2231 318 2300 latina
333 2237 548 2302 terminatione
564 2235 678 2316 addito,
690 2239 929 2302 transferrentur
950 2235 1099 2322 ,(dabitis
1113 2236 1195 2301 enirn
1211 2253 1279 2318 pre·

220 2342 310 2422 fecto,
333 2342 434 2426 inquit
457 2343 577 2422 Cicero,
609 2344 696 2410 utin
732 2346 821 2410 rebus
854 2344 1011 2409 inusitatis
1034 2345 1156 2408 omniur
1180 2341 1280 2408 verbis

220 2448 376 2514 interdum
403 2449 584 2538 inauditis)“
599 2451 636 2535 ⁹),
656 2453 722 2537 jam
746 2452 809 2517 fero
839 2451 940 2516 omnia
973 2451 1115 2529 habebis,
1139 2465 1216 2533 qnae
1237 2450 1279 2527 te,

221 2553 462 2622 Christianorum
497 2547 655 2640 poetarum
685 2559 820 2624 carmina
853 2559 1019 2643 legentem,
1043 2558 1197 2624 offendent
1218 2557 1281 2622 lato-

223 2662 363 2746 dentque,
387 2664 447 2729 nisi
470 2665 548 2730 forte
570 2685 764 2732 numerorum
781 2666 933 2732 desideres
948 2664 1143 2742 mentionem,
1167 2663 1200 2728 in
1216 2663 1282 2746 qui-

223 2769 279 2835 bus
303 2786 390 2853 saepe
419 2773 577 2854 peccatam
608 2791 672 2838 esse
695 2773 848 2839 neminem
872 2772 964 2858 fugit.
996 2773 1163 2838 Externum
1184 2770 1282 2856 igitir

222 2876 320 2958 pdesis
344 2871 498 2958 vestitum,
535 2879 736 2946 exorationis
766 2881 947 2964 pendentem
975 2879 1190 2956 concinnitate,
1213 2871 1283 2960 pul·

223 2982 405 3063 chritudiuo,
430 2982 597 3068 splendore,
621 2988 730 3071 quibus
753 2988 869 3053 veteres
885 2988 1090 3053 &manorum
1110 2985 1216 3066 poetae
1232 2995 1281 3048 err·

224 3085 340 3153 nollunt
362 3103 381 3154 a
404 3089 587 3156 Christianis
612 3112 670 3157 non
699 3094 822 3176 aequiori
843 3095 935 3160 facile
965 3089 1174 3167 concedimus,
1198 3088 1232 3154 at
1254 3087 1281 3154 si

224 3195 377 3260 internam
406 3196 470 3261 vim
493 3198 524 3261 ot
546 3198 695 3278 indolem,
720 3200 929 3265 excellentiam
959 3200 990 3264 et
1019 3191 1281 3282 magnificentiam

224 3301 386 3383 spectabis,
410 3303 675 3370 sisententiarum
691 3307 887 3390 gravitatem,
912 3323 1041 3384 morum,
1066 3305 1116 3387 qui
1139 3303 1190 3368 vol
1212 3303 1283 3369 des-

224 3408 393 3488 cribuntur,
417 3410 464 3474 vel
480 3410 704 3493 praedicantur,
727 3413 912 3491 castitatem,
936 3412 1030 3478 celsus
1046 3411 1142 3477 animi
1157 3410 1284 3476 adiectus

224 3515 433 3581 observaveris
465 3530 524 3582 non
562 3519 592 3584 te
622 3520 805 3604 negaturum
837 3519 1022 3585 existimem:
1052 3520 1101 3586 his
1131 3517 1282 3595 omnibus,

224 3762 279 3817 lina
302 3763 334 3816 in
360 3764 562 3832 prolegomenis,
592 3765 707 3822 editioni
729 3768 862 3823 Prudenti
890 3768 1052 3836 praemissis,
1080 3776 1142 3836 pag.
1161 3763 1226 3818 XVI
1251 3763 1283 3818 de

224 3851 313 3922 poetis
329 3852 498 3908 christianis:
525 3858 677 3924 „pectorum
694 3857 828 3926 ligamina
846 3856 890 3911 illi
908 3856 1089 3928 quaerebant,
1107 3871 1162 3910 oon
1179 3853 1286 3910 externo

224 3945 339 3998 ornatas
353 3950 501 4012 pompam&

333 4049 362 4118 9)
379 4048 474 4106 Cicero*
489 4049 569 4108 acad.
588 4055 657 4121 pest.
677 4054 700 4119 1,
719 4051 743 4118 t,
762 4053 805 4108 rt.
