3042 4704
625 331 844 398 ..59-

203 507 252 573 ter
274 507 451 572 observetur
480 507 521 571 ad
550 506 771 573 illustrandum
797 506 923 592 linguae
945 505 1062 573 latinae
1083 505 1169 572 illiue
1190 506 1269 572 tem·

202 614 284 698 poris
300 613 425 698 genium
442 614 473 679 et
488 614 720 693 ostendendum,
748 614 781 678 in
797 614 907 698 quibus
922 612 1115 696 potissimum
1130 611 1269 678 Pruden-

202 721 266 786 tius
288 739 306 784 a
329 721 462 805 genuino
496 722 636 803 rectoque
670 721 767 786 latine
797 720 921 788 dicendi
955 737 1066 804 genere
1095 716 1270 784 discesserit

201 829 293 911 atque
317 826 514 894 aberraverit.
538 828 587 891 lta
610 846 654 893 ex.
669 846 717 911 gr.
742 828 769 892 si
793 827 829 893 de
853 827 954 893 verbis
977 825 1167 891 instituenda
1190 823 1270 890 esset

203 933 349 1017 quaestio,
381 932 565 998 uberrimam
596 932 815 1016 disputationis
838 933 1001 1000 materiam
1024 932 1135 1009 variae,
1159 930 1269 1014 quibus

203 1041 311 1120 utitur,
335 1040 575 1106 constructiones
601 1041 798 1123 praeberent:

202 1167 269 1231 per
293 1147 526 1213 cachinnum
550 1146 656 1213 solvi
684 1147 795 1212 Perist.
819 1147 858 1226 X,
883 1148 957 1213 226.

204 1275 269 1337 666
292 1253 463 1338 coagula
486 1254 594 1320 coire
617 1253 705 1319 Ceth.
729 1255 787 1334 ΙΙΙ,
812 1256 864 1320 68.

206 1379 406 1443 permeare
430 1361 498 1426 sub
522 1360 651 1426 bifido
677 1379 840 1444 aequore
868 1358 1012 1440 061167,
1040 1359 1093 1426 68.

16 1493 17 1506 ¹
148 1523 151 1532 .
208 1467 337 1534 virtus
360 1468 430 1533 sub
456 1485 552 1550 pace
575 1467 686 1533 cadit
712 1468 823 1552 Psych.
852 1467 927 1533 699.

205 1575 383 1641 vanescit
417 1574 519 1640 almo
547 1575 649 1639 trita
684 1576 752 1641 sub
780 1573 937 1660 jejunio
970 1570 1059 1638 (teth.
1083 1571 1169 1651 VIII,
1193 1573 1267 1638 209.

204 1700 273 1747 666
313 1679 478 1748 fatiscit
522 1681 605 1746 6666
641 1681 932 1766 sanctis·prcssa
968 1679 1039 1745 sub
1073 1675 1269 1764 vestigiis

204 1787 292 1854 Ceth.
316 1787 372 1867 IX,
397 1787 450 1853 51.

204 1894 324 1978 stupuit
345 1895 493 1979 tyrannus
517 1894 584 1959 sub
607 1894 751 1976 pudore
773 1893 984 1979 fluctuans
1006 1893 1117 1960 Perist
1136 1891 1176 1971 X,
1193 1893 1267 1958 676

203 2021 316 2066 numen
340 2001 470 2066 reciso
493 2000 689 2085 mitigans
712 2000 757 2066 ab
780 1999 944 2084 inguine
974 1998 1085 2064 Periet.
1110 1997 1149 2076 X,
1173 1997 1269 2064 1067.

204 2107 354 2174 infusis
388 2107 434 2172 ad
467 2106 615 2191 pingue
645 2106 775 2171 lutum
804 2105 962 2172 mollire
995 2104 1162 2170 fluentis
1185 2103 1268 2188 Sym.

203 2215 245 2294 ll,
269 2216 344 2281 994.

205 2322 359 2405 pontum
383 2320 608 2404 persultare
632 2319 719 2386 Ceth.
744 2320 783 2400 V,
808 2321 860 2386 86.

204 2447 274 2494 666
295 2427 496 2512 persultet
517 2427 611 2494 Hem.
634 2427 731 2511 praef.
756 2427 806 2493 10.

204 2535 294 2602 haec
317 2534 561 2620 persultanti
584 2533 695 2600 Pcrist.
718 2533 774 2612 XI,
800 2533 852 2599 77.

181 2641 267 2707 *alia
290 2641 440 2720 sexcenta,
464 2659 540 2723 quae
563 2641 656 2706 affere
679 2639 808 2724 longum
831 2639 878 2704 est
900 2657 997 2722 neque
1019 2639 1080 2704 hue
1101 2638 1268 2721 pertinens

311 2747 441 2813 Silentio
462 2749 567 2812 tamen
589 2745 756 2830 praeterire
778 2746 829 2812 hie
851 2763 912 2811 non
934 2763 1093 2829 possumus
1116 2745 1270 2827 propriam

204 2855 357 2940 quandam
380 2852 530 2918 Prudenti
551 2853 674 2920 dicendi
701 2853 859 2931 rationem,
884 2871 944 2935 qua
968 2851 1124 2934 epitheton
1154 2850 1270 2935 (adjec-

203 2963 317 3047 tivum)
340 2979 394 3044 pro
410 2959 477 3038 liro,
501 2960 719 3045 (substantivo)
735 2978 788 3026 seu
805 2960 848 3026 661
864 2958 985 3024 nomine
1008 2958 1054 3023 ita
1075 2956 1211 3036 adhibet,
1234 2957 1271 3022 ut

203 3071 383 3153 plerumque
406 3067 439 3131 id
465 3066 625 3132 affectasse
656 3066 718 3133 dici
740 3066 845 3150 possit.
892 3064 936 3130 Er
959 3063 1129 3129 innumeris
1151 3062 1270 3145 paucis·

205 3176 283 3240 sima
305 3175 452 3240 annotare
471 3173 577 3259 juvat:

206 3297 391 3361 prospera
413 3281 548 3345 nostra
571 3278 681 3364 Psych.
707 3281 782 3346 696.

207 3384 377 3448 semetra
399 3384 560 3451 dissona
586 3385 662 3453 ibid.
687 3389 762 3454 829.

207 3492 386 3556 tenerum
411 3490 591 3558 decorum
615 3493 690 3560 ibid.
716 3495 790 3562 886.

205 3616 274 3664 666
295 3597 428 3679 661666
450 3596 533 3681 Sym.-
557 3600 583 3679 Ι,
607 3601 682 3667 293.

137 3689 141 3694 ’
204 3723 242 3770 66
266 3703 406 3770 666616
429 3703 561 3771 fluxae
584 3707 829 3774 conditionis
855 3709 939 3774 amet
961 3709 1044 3795 Sym.
1069 3704 1110 3786 ΙΙ,
1139 3707 1209 3775 150.

203 3811 327 3878 ardua
350 3811 453 3877 caeli
476 3811 559 3896 Sym.
585 3814 609 3893 Ι,
637 3816 708 3881 148.

205 3917 326 3983 ardua
349 3919 473 3984 famae
502 3919 576 3984 ibid.
602 3921 677 3987 281.

204 4042 286 4090 mea
308 4023 462 4090 frivola
486 4024 562 4091 ibid.
582 4026 657 4099 645.
