3042 4704
678 344 898 413 „75-

241 524 352 591 Perist.
386 523 425 604 X,
463 523 535 589 753.
559 523 789 590 immersere
819 521 902 608 Sym.
926 523 953 600 1,
977 521 1052 589 294.
1075 519 1300 588 instruxere

241 631 352 697 Perist.
387 630 442 710 XI,
479 631 551 696 105.
582 648 839 696 mansuevere
872 629 986 712 Apotb.
1016 630 1092 694 430.
1116 645 1301 711 peperere

241 736 329 806 Catb.
353 737 409 817 ΙΙΙ,
435 738 507 804 183.
530 736 715 820 pepigere
738 737 849 802 Perist.
872 736 914 815 ΙΙ,
933 737 1007 801 137.
1031 735 1183 818 petiere
1206 735 1298 800 Ham.

241 844 314 912 956.
336 861 544 927 respexere
566 842 657 909 Ham.
687 844 761 911 842.
789 842 918 908 tulere
939 841 1051 910 Perist.
1075 841 1161 919 VIII,
1185 841 1217 906 4.
1241 858 1300 906 ue-

238 969 326 1017 xere
348 948 436 1017 catu.
459 950 531 1028 XII,
557 951 629 1016 186.
647 947 730 1035 Sym.
748 951 789 1030 ΙΙ,
813 951 887 1017 576.
913 950 1068 1016 1111111
1091 947 1202 1033 Psych.
1226 947 1301 1014 631.

238 1057 349 1125 Perist.
368 1056 407 1136 X,
425 1057 499 1124 963.
516 1055 649 1123 vicere
665 1057 748 1142 Sym.
765 1059 808 1136 ΙΙ,
826 1058 900 1125 747.
912 1058 1047 1123 virere
1069 1054 1144 1122 ibid.
1168 1056 1241 1121 198.
1257 1089 1301 1100 —-

603 1525 605 1530 Ι
650 1417 786 1526 Caput
817 1417 889 1502 HI.

607 1574 661 1642 be
695 1571 935 1642 adverbio.

345 1700 411 1766 Hoc
434 1718 550 1783 quoque
572 1699 673 1782 capita
688 1698 954 1766 commemoranda
970 1698 1060 1763 eruut
1077 1697 1168 1780 plura
1183 1715 1202 1762 a
1224 1695 1302 1761 Pru·

240 1805 343 1870 dentio
366 1806 489 1882 novata,
513 1806 625 1888 quippe
648 1805 701 1888 qui
723 1825 783 1871 non
806 1805 962 1890 ignoraus,
986 1805 1135 1887 quantum
1158 1803 1197 1869 ed
1231 1821 1302 1886 poe-

239 1909 281 1976 sis
311 1912 375 1976 vim
409 1911 591 1994 augendam,
622 1911 662 1975 ad
686 1912 815 1977 subtiles
838 1911 1006 1976 sententias
1028 1909 1239 1988 illustrandas,
1263 1909 1302 1976 ad

239 2016 409 2100 imaginum
432 2017 561 2082 nitorem
590 2004 761 2083 tollendum
792 2018 893 2084 valeat
927 2017 1053 2082 idoneus
1086 2015 1300 2082 adverbiorum

240 2143 312 2189 usus
335 2123 511 2206 saepissime
534 2143 569 2188 ea
597 2124 783 2205 adhibuerit,
813 2126 905 2208 atque
927 2125 981 2189 ubi
1003 2143 1036 2191 se
1058 2124 1184 2208 liuguae
1206 2123 1303 2190 latine

240 2231 326 2313 copia
350 2229 531 2295 destitutum
567 2231 656 2311 vidit,
691 2250 785 2298 novas
807 2231 930 2297 finxerit
952 2249 1049 2310 vocae,
1085 2249 1144 2296 uon
1177 2229 1302 2312 quidem

239 2335 379 2402 inaudito
412 2355 504 2417 mure,
540 2337 594 2403 sed
627 2338 666 2403 ad
689 2338 862 2421 exemplum
885 2338 1022 2404 ueterum
1046 2356 1215 2404 recurrens.
1238 2337 1302 2403 No·

237 2445 304 2509 tum
338 2442 386 2509 est
419 2443 535 2509 vetares
568 2444 747 2528 plerumque
780 2444 882 2528 supini
918 2444 967 2511 vel
995 2443 1151 2529 participii
1173 2443 1299 2528 perfect'

238 2549 353 2635 passivi
376 2549 591 2617 terminatione
620 2552 719 2618 recisa
747 2552 781 2618 in
810 2553 876 2638 ejus
899 2552 1000 2618 iocum
1025 2553 1087 2632 ,im‘
1111 2549 1302 2617 terminatio·

239 2675 308 2722 nem
338 2657 538 2736 substituere,
567 2659 660 2742 atqua
681 2659 738 2725 hoc
761 2659 849 2725 modo
872 2659 1019 2725 adverbia
1043 2659 1174 2724 formare
1197 2657 1302 2724 solitos

239 2779 304 2827 esse
327 2760 396 2845 (cfr.
421 2763 481 2828 Leo
503 2763 608 2848 Meyer
637 2765 815 2833 Zeitschriit
844 2767 866 2833 i.
897 2765 994 2850 vergi.
1018 2765 1302 2849 Spracbiorschuug

240 2867 408 2952 614111.
434 2870 507 2935 301.
532 2869 612 2957 sqq.)
636 2891 681 2941 er.
705 2891 752 2958 gr.
781 2874 897 2951 statim,
922 2871 1066 2952 strictim,
1090 2870 1161 2937 alia.
1186 2869 1301 2937 Eodem

239 2973 327 3038 modo
349 2975 536 3043 Prudentius
559 2977 649 3043 iecit:

237 3081 514 3166 congregatim
539 3081 720 3166 01111711,
748 3087 820 3154 143.

239 3189 485 3272 segregatim
508 3189 599 3258 Ham.
622 3192 718 3273 praei.
744 3193 796 3258 39.

144 3347 147 3354 ,
237 3293 466 3374 permixtim
489 3296 599 3364 Perist.
623 3297 679 3377 XI,
708 3300 780 3365 192.

238 3396 427 3482 digestim
451 3402 561 3468 Perist.
584 3403 627 3481 ΙΙ,
653 3405 725 3470 129.

237 3503 395 3571 scissim
418 3506 497 3572 Ditt.
523 3510 575 3574 34.

342 3612 484 3680 Rariores
506 3615 666 3695 Varronis,
697 3617 831 3698 Lucreti,
854 3619 996 3698 aliorum,
1020 3617 1133 3684 formas
1155 3615 1188 3681 in
1215 3618 1294 3696 ,im“

237 3717 409 3786 desinentes
431 3720 488 3786 bas
510 3719 669 3788 adhibuit:

237 3826 470 3893 cumulatim
492 3827 604 3911 Apoth.
631 3832 704 3896 717.

237 3929 389 3998 mixtim
405 3934 519 4018 Apotb.
545 3936 640 4002 1008.
666 3936 756 4003 Ham.
783 3940 834 4005 78.
855 3923 1089 4024 sym.11',420.
1114 3937 1224 4003 Perist.
1242 3937 1298 4024 vl,

346 4039 419 4106 141.
443 4040 483 4124 Χ,
507 4042 583 4109 848.
