3042 4704
603 289 853 402 '-re-

205 514 277 580 lans
290 513 343 599 ²⁴),
365 512 567 580 aliisomissis
581 513 748 592 Herderus,
764 513 893 580 eximius
908 513 1000 599 hujus
1022 512 1068 578 rei
1089 512 1193 596 juder,
1220 512 1273 596 qui

209 619 359 706 singulari
370 620 462 685 laude
473 619 676 686 Prudentium
688 619 867 700 cumulavit,
877 620 997 704 quondo
1009 620 1046 686 do
1057 620 1179 704 hymnis
1191 619 1273 685 chri·

210 726 319 793 stianis
333 745 429 812 egens
453 727 485 792 et
507 727 638 810 optimos
662 743 795 808 quosque
818 726 946 812 eligens,
970 726 1030 793 duo
1054 728 1120 812 ejus
1136 727 1273 793 carmine

214 834 298 911 ,lam
313 836 431 900 maesta
442 833 564 917 quiesce
576 833 718 914 querela·
734 831 879 918 (deunx
900 835 961 899 117
978 833 1058 918 sqq.)
1075 835 1106 899 et
1133 833 1273 912 ,Salvete

208 937 297 1005 flores
320 941 512 1024 martyrum
540 937 642 1022 (Geth.
667 938 729 1004 ΧΠ
753 939 817 1004 125
848 938 929 1026 sqq.)
952 940 1056 1023 palme
1079 939 1205 1005 donavit
1218 936 1272 1026 ²⁶).

316 1045 474 1128 Imprimis
496 1045 599 1110 eutem
621 1047 781 1128 conspicua
804 1046 852 1112 est
873 1046 907 1110 in
920 1045 1108 1112 carminibus
1131 1045 1274 1111 christia·

210 1153 259 1218 nis
282 1151 422 1234 simplex,
445 1151 587 1234 nulleque
610 1152 708 1218 colore
731 1153 838 1218 fucata
860 1153 959 1235 pietas
982 1172 1056 1237 erga
1081 1154 1181 1218 Deum
1204 1171 1274 1218 con·

213 1259 354 1338 ditorem,
378 1258 419 1336 et,
454 1259 489 1322 ut
525 1258 737 1342 theologorum
773 1258 906 1324 dictione
940 1260 1020 1338 utar,
1054 1259 1275 1343 redemptorem

213 1364 331 1444 mundi,
354 1364 422 1429 tnm
444 1364 541 1429 animi
573 1363 663 1429 ardor
700 1365 859 1446 excellens,
897 1366 1058 1450 praecipue
1094 1367 1127 1431 in
1164 1366 1275 1451 gratiis

213 1470 278 1536 Deo
300 1471 439 1555 agendis,
462 1489 516 1553 pro
540 1470 705 1550 beneficiis,
728 1471 862 1536 humane
884 1473 991 1556 generi
1013 1473 1180 1556 praestitis,
1203 1492 1276 1538 can-

213 1577 267 1644 dor
290 1578 322 1643 et
343 1578 435 1643 rubor
458 1577 611 1662 egregius,
635 1597 734 1657 omne,
759 1598 817 1662 quo
839 1579 1003 1646 offendaris
1026 1579 1158 1664 fugiens,
1182 1581 1214 1645 et
1235 1579 1275 1644 ad

212 1685 357 1750 sublimia
380 1684 542 1767 divinaque
576 1684 721 1750 lectorem
754 1686 921 1769 abripiens,
944 1705 1002 1769 quo
1035 1687 1087 1766 fit,
1121 1687 1156 1752 ut
1189 1687 1277 1769 quasi

212 1793 402 1856 murenarum
418 1809 519 1856 rerum
543 1791 658 1857 oblitus
685 1791 780 1858 altius
795 1793 907 1875 sapias,
931 1795 1048 1880 majora
1062 1795 1159 1876 petes,
1176 1793 1278 1859 animo

215 1896 301 1961 siras
322 1916 383 1960 non
406 1897 553 1961 sensibus.
600 1898 680 1962 Tum
703 1898 759 1963 hoo
782 1918 899 1982 quoque
921 1900 1030 1983 magni
1052 1900 1276 1966 aestimandum

217 2019 282 2066 esse
304 2003 389 2083 puto,
412 2001 491 2084 quod
514 2002 669 2084 poetarum
693 2004 927 2070 christianornm
956 2006 1142 2071 carminibus
1172 2007 1278 2091 legen·

217 2107 266 2172 dis
288 2107 410 2172 animus
432 2107 619 2172 christianae
640 2109 800 2194 religionis
823 2113 1004 2179 ventalibus
1038 2113 1203 2192 imbuitur,
1227 2133 1278 2180 ex·

216 2213 326 2296 emplis
350 2233 462 2292 eorum,
488 2233 561 2296 quos
584 2215 713 2281 ecclesia
735 2218 768 2282 in
791 2218 936 2284 caelitum
958 2237 1120 2285 numerum
1158 2220 1277 2301 retulit,

215 2320 458 2402 contemplandis
491 2320 532 2386 ad
565 2321 705 2389 meliores
738 2326 844 2410 fruges
880 2326 971 2406 redit,
1005 2346 1090 2393 amor
1124 2327 1277 2394 iuDeum

212 2436 354 2520 augetur,
378 2434 503 2514 similia,
526 2436 602 2501 haec
625 2433 707 2500 enim
729 2432 832 2498 omnia
856 2433 910 2498 uni
924 2433 1033 2516 cuique
1055 2435 1202 2514 nostrum,
1226 2434 1278 2516 qui

214 2542 330 2607 Christi
352 2542 524 2608 doctrinam
547 2541 682 2625 amplexi
703 2557 808 2606 snmus
831 2540 862 2605 et
884 2540 1015 2604 maxime
1038 2541 1208 2606 necessaria
1231 2541 1278 2606 ri-

214 2649 325 2714 dentur
347 2651 437 2731 atque
460 2649 611 2727 omnibus,
635 2664 712 2731 quae
734 2665 753 2712 a
775 2645 873 2728 poetis
896 2646 928 2710 et
955 2647 1073 2730 graecis
1107 2647 1138 2712 et
1171 2647 1278 2713 latinis

216 2755 388 2836 conscripta
410 2756 497 2833 sunt,
533 2756 626 2824 etiam
648 2755 773 2837 optimis
796 2753 827 2817 et
849 2751 1079 2835 perfectissimis
1101 2752 1277 2835 quibusque,

217 2859 426 2942 praeferenda.
470 2861 556 2926 Haec
576 2861 679 2927 omnia
701 2860 735 2925 in
767 2858 918 2924 Prudenti
951 2858 1137 2924 carminibus
1171 2859 1278 2942 quasis

216 2967 331 3051 pagina
353 2966 562 3049 reperiuntur:
586 2985 740 3034 summum
762 2964 958 3049 perfectionis
987 2965 1191 3047 assequendae
1214 2965 1278 3030 stu·

215 3073 311 3152 dium,
335 3074 468 3140 marimo
491 3074 651 3151 modestia,
675 3091 794 3138 morum
816 3072 954 3151 cast'tas,
979 3072 1129 3156 martyres
1159 3071 1279 3137 eximiis

214 3180 359 3246 laudibus
392 3180 544 3261 decorati,
589 3182 655 3246 Deo
699 3180 813 3263 optime
860 3179 992 3245 marimo
1018 3180 1126 3264 gratus
1160 3197 1279 3263 semper

217 3287 336 3352 animus
358 3288 533 3369 praestitus.
578 3289 616 3352 In
639 3287 843 3371 depingendis
865 3286 991 3369 poeticis
1014 3285 1213 3370 imaginibus,
1245 3285 1279 3350 in

218 3392 387 3470 sententiis,
410 3413 484 3476 quas
496 3395 613 3477 profert
635 3393 721 3460 serio
736 3393 826 3458 modo
841 3392 1056 3471 illustrandiis,
1080 3391 1278 3474 explicandis,

214 3499 361 3564 eruendis
382 3499 561 3566 felicissime
576 3500 675 3566 utitur
696 3499 856 3578 coloribus,
888 3518 924 3565 er
939 3499 1034 3565 moris
1055 3499 1144 3564 libris
1168 3498 1280 3564 veteris

322 3696 369 3765 24)
386 3695 422 3750 ad
439 3694 538 3749 Horati
555 3693 644 3751 carm.
662 3693 701 3759 11,
719 3695 745 3758 2,
764 3694 806 3748 15.

323 3783 712 3854 25)Wcrksuubing.1806
740 3783 791 3837 vol.
821 3782 883 3847 VII,
911 3797 972 3851 pag.
1001 3782 1061 3837 248.
1102 3781 1151 3846 „In
1178 3780 1280 3836 diesem

215 3875 278 3928 tout
295 3872 340 3928 dle
358 3873 473 3928 Stimme
491 3872 538 3927 des
555 3871 703 3936 Betenden,
719 3871 802 3940 J'enen
819 3870 921 3925 uennte
940 3887 991 3924 nur
1008 3868 1052 3924 die
1071 3870 1155 3924 Haris
1177 3868 1280 3937 beglei·

216 3964 272 4026 ten,
291 3962 320 4017 in
337 3961 455 4017 anderen
472 3961 572 4016 schallt
590 3959 633 4015 die
651 3961 782 4025 Posaune,
801 3977 829 4015 es
847 3957 904 4014 rnft
922 3959 977 4014 und
1001 3962 1065 4015 tent
1091 3959 1134 4013 die
1153 3955 1280 4013 tensend-

216 4051 354 4121 stlmrnlge
372 4051 480 4120 Orgel“

1073 4137 1120 4202 2*
