3042 4704
658 357 876 428 ..68-

235 533 346 604 Perist
369 535 409 618 X,
432 533 508 603 345.
536 533 777 602 immolarier

346 642 443 728 ,quod
464 641 591 709 mandet
605 641 656 708 illi
677 643 785 709 nectar
806 642 1077 710 immolarier⁸.

235 767 348 852 Apoth.
373 768 448 835 905.
471 767 674 834 innectier

345 874 416 955 ,sed
438 893 507 940 mor
529 875 565 939 ut
587 873 716 960 gravido
736 875 823 960 jussa
846 873 894 939 est
916 874 1115 942 innectier
1143 882 1249 944 arvo‘.

234 981 345 1048 Perist.
369 982 408 1061 X,
432 981 508 1048 651.
531 980 732 1050 luctarier

345 1088 417 1168 ,sed
432 1089 504 1173 quia
527 1087 679 1174 profunda
706 1107 767 1154 non
800 1089 875 1155 licet
908 1088 1108 1157 luctarier

341 1195 458 1263 ratione
479 1198 614 1264 tecum‘.

233 1319 344 1405 Psych.
368 1321 443 1387 357.
467 1320 671 1387 innectier

345 1427 411 1508 ,his
426 1428 544 1512 rigidas
566 1427 654 1494 nodis
677 1426 875 1494 innectier
889 1426 1008 1493 ulnae.‘

233 1533 427 1613 Peristvll,
451 1534 503 1602 54.
526 1533 710 1619 negarier

345 1659 579 1725 ,ascensumque
600 1636 817 1725 negarier“.‘

233 1745 343 1830 Psych.
368 1747 443 1812 214.
482 1745 716 1830 popularier

345 1854 595 1937 „popularier
616 1851 736 1936 hospite
759 1852 894 1918 aratro“.

234 1959 345 2026 Perist.
369 1961 408 2040 X,
433 1961 509 2027 939.
533 1959 733 2044 profarier
1011 2037 1013 2041 v

317 2050 320 2056 ⁸
344 2068 412 2148 ,vel
434 2067 519 2134 exitu
541 2067 602 2133 oris
625 2064 775 2151 cymbalis
797 2064 1031 2149 profarier‘.
1130 2133 1133 2142 ,

142 2209 146 2222 ·
234 2190 322 2258 each.
345 2192 384 2272 V,
411 2193 484 2260 148.
531 2191 715 2278 spargier
760 2224 765 2230 ·

344 2299 476 2382 ,passim
499 2318 663 2383 purpureos
687 2297 868 2384 spargier
890 2297 1063 2380 hesperos‘.

231 2404 482 2492 Ὶ8511111587.
528 2404 765 2492 subjungier

343 2511 598 2598 ,subjungier
620 2511 674 2577 uni
696 2511 861 2596 Imperio“.

232 2619 326 2684 Ham.
353 2621 426 2687 106.
472 2617 704 2685 venerarier

342 2726 410 2795 “vel
433 2727 461 2793 si
482 2725 615 2812 gentiles
639 2726 742 2792 sordet
763 2723 994 2792 venerarier
1016 2723 1159 2798 umbras·

232 2849 343 2916 Perist.
367 2852 424 2931 ΙΙΙ,
448 2851 525 2915 211.
553 2849 616 2930 ,sic
638 2851 869 2921 venerarier
892 2847 1084 2916 ossalibet‘.

232 2956 343 3043 Pspcln
367 2959 420 3024 39.
467 2957 660 3024 vestirier

222 3083 225 3086 ·
345 3062 487 3142 ,floribus
502 3063 682 3146 ardentique
701 3063 792 3148 jubet
814 3061 1002 3129 vestirier
1024 3061 1132 3126 ostro‘

340 3187 535 3254 Notandum:
558 3186 876 3266 circumferrier,
921 3180 1295 3267 comprendier,di-
1509 3273 1510 3282 ἵ

233 3293 431 3380 spergier,
455 3293 698 3379 grassarier,
716 3292 935 3374 innectier,
952 3290 1027 3380 (bis)
1044 3286 1296 3376 subjungier,

231 3401 479 3481 venerarier,
496 3401 704 3480 vestirier,
728 3401 834 3484 quinto
857 3399 934 3483 pedo
963 3397 1079 3465 heroici
1105 3414 1210 3463 versus
1243 3411 1296 3478 po·

232 3505 302 3584 sita,
325 3506 433 3573 addita
455 3507 611 3592 bissplaba
626 3525 698 3573 voce
714 3507 840 3573 venuste
863 3507 895 3572 et
917 3523 977 3572 non
993 3504 1059 3572 sine
1083 3503 1214 3588 quadam
1229 3500 1295 3567 arte

231 3612 440 3680 hexametrum
463 3615 615 3694 claudere,
649 3614 729 3698 quod
762 3613 826 3681 iere
859 3631 978 3695 semper
1011 3612 1095 3696 apud
1118 3608 1293 3676 Lucretium
1509 3689 1510 3696 ἵ

231 3718 298 3785 lieri
314 3719 489 3788 Staedlerus
539 3721 603 3802 ,De
637 3739 774 3789 sermone
806 3719 1007 3788 Lucretiano“
1039 3716 1175 3807 (dissert.
1205 3715 1296 3782 lenae
1357 3746 1366 3754 ·
1509 3733 1510 3740 ¹

233 3825 345 3916 1869.)
367 3828 550 3896 observavit.

336 3953 374 4020 In
396 3952 577 4020 declinando
592 3955 684 4020 verbo
706 3972 736 4038 q.
749 3973 776 4022 e.
805 3956 894 4033 ,sum⁴
910 3953 942 4018 et
957 3947 1133 4034 compositis
1148 3945 1296 4014 vetustio-

230 4058 315 4125 ribus
331 4057 439 4125 sonnis
454 4057 574 4143 saepius
589 4059 688 4126 utitur
710 4057 897 4126 Prudentius
912 4061 944 4126 et
966 4057 1103 4144 quidem:
