3042 4704
667 292 886 358 „44-

348 467 497 534 Dativum
531 487 635 534 casum
669 469 797 550 pluralis
832 472 952 535 numeri
986 472 1183 553 substantivi,
1219 495 1246 557 q.
1279 495 1304 541 e.

243 573 365 649 ,anima‘
389 573 485 639 bisin
507 575 598 653 „bus“
618 574 694 639 fecit
717 574 801 659 Sym.
817 575 843 654 Ι,
860 576 935 641 531.
957 578 1093 655 „tartara
1109 579 1200 664 nigra
1223 583 1305 646 ani-

242 679 405 746 mabus.“
433 679 544 746 Perist.
569 681 610 760 ΙΙ,
634 682 709 748 289.
739 683 963 760 „animabus
986 684 1108 750 inversa
1131 686 1226 752 vice.“

576 931 874 999 Declinationis
896 931 953 996 ΙΙιθ

198 1161 201 1166 .
348 1109 531 1177 Genetivunr
546 1108 714 1194 singularis
725 1127 807 1173 num.
825 1109 1086 1176 substantivorum
1101 1113 1134 1177 in
1152 1115 1236 1191 ‚inm‘
1251 1115 1299 1179 de·

242 1214 408 1280 sinentium
432 1215 480 1281 bis
502 1235 555 1298 per
578 1213 741 1300 syncopam
764 1215 908 1297 protulit:
1015 1302 1018 1310 .

243 1319 326 1406 Sym.
349 1322 391 1400 ΙΙ,
417 1321 491 1388 688.
517 1321 705 1405 Capitoli.

170 1411 173 1416 '
242 1425 326 1511 spm.
349 1426 391 1507 Π,
418 1429 514 1494 1103.
538 1428 683 1494 raram.

348 1532 440 1599 Klotz
463 1553 530 1602 sv.
552 1534 859 1619 „transfugium
886 1552 990 1602 vocem
1015 1540 1199 1616 sacrari,
1224 1557 1301 1617 quae

241 1639 358 1724 legitur
380 1639 463 1724 Sym.
489 1640 530 1717 ΙΙ,
555 1641 628 1708 505.
653 1642 830 1725 genetivum
853 1641 934 1726 sing.
959 1662 1043 1708 num.
1066 1662 1121 1725 per
1135 1659 1296 1726 syncopam

240 1746 358 1811 iactum
374 1746 544 1812 existimare
561 1747 692 1825 videtur,
716 1766 752 1812 cx
772 1749 1014 1833 „transfugium‘
1039 1746 1230 1830 pendentem,
1255 1745 1299 1812 sic

241 1851 322 1917 enim
338 1839 461 1918 scribit:
482 1853 533 1938 „b)
549 1854 674 1935 therba,
692 1854 722 1919 d.
741 1855 954 1932 biaoariam,
978 1853 1205 1930 Uebersiedein,
1222 1853 1302 1919 Pru·

241 1958 324 2024 dent.
347 1959 417 2024 adv.
443 1959 558 2044 Symm.
577 1961 607 2039 2,
625 1960 699 2026 503.
718 1961 811 2046 (505)
828 1961 985 2028 sacrarii·
1013 1960 1092 2044 quod
1108 1959 1229 2026 omnino
1245 1959 1303 2026 im·

240 2059 430 2148 probandum
454 2068 510 2146 est,
532 2085 626 2148 quum
646 2067 871 2152 „transfugium
895 2066 1027 2151 alicujus
1050 2068 1112 2133 rei‘
1140 2085 1230 2132 sensu
1253 2085 1301 2132 ac·

240 2172 305 2238 tivo
326 2172 378 2238 vix
401 2172 463 2239 dici
486 2173 582 2255 possit
605 2174 636 2238 et
658 2173 828 2239 evidentior
850 2173 906 2239 fiat
928 2174 1081 2240 sententia
1103 2172 1304 2240 construendo

245 2278 400 2358 ,numina
431 2297 508 2362 quae
531 2279 598 2363 (qui
620 2279 714 2345 babet
735 2278 845 2366 Prud.)
870 2299 1008 2346 meruere
1031 2280 1146 2346 sacrari
1168 2280 1304 2346 transiu-

240 2385 309 2469 gio“
342 2385 548 2464 „Gottbeitem
564 2386 680 2452 welche
696 2405 756 2451 nur
772 2385 869 2452 durch
885 2385 983 2470 seiges
998 2385 1205 2452 Ueberlaufen
1220 2385 1301 2470 gott

239 2491 320 2557 liche
342 2491 524 2577 Verebrnng
553 2492 850 2578 errungenhaben;“
883 2489 1128 2578 „transfugium
1145 2494 1227 2559 enirn
1249 2491 1303 2556 ab·

236 2587 321 2683 jecta
343 2598 567 2684 significatione
596 2601 647 2666 bio
676 2599 920 2684 intellegendum
950 2618 1015 2664 esse
1044 2600 1095 2666 vel
1123 2619 1160 2666 ex
1182 2616 1304 2682 praece·

241 2704 332 2771 dente
358 2706 513 2784 „traduxit
534 2707 672 2774 alumnos
696 2707 844 2792 Majestas
867 2705 968 2772 infida
978 2706 1076 2772 locos“
1104 2707 1136 2772 et
1158 2724 1204 2784 ea,
1228 2724 1304 2789 quae

239 2812 299 2878 toti
320 2813 384 2878 loco
406 2813 487 2879 inest
508 2813 645 2902 εἰρωνείᾳ
671 2851 711 2862 -
735 2813 812 2880 satis
835 2813 971 2896 apparet.

346 2917 578 2986 Substantivum
611 2939 720 2987 nomen
754 2941 783 3005 q.
808 2941 833 2986 e.
857 2920 951 2998 Deus,
987 2919 1125 2985 vocativo
1162 2936 1233 2984 casu
1255 2916 1303 2983 bis

238 3011 272 3089 iu
296 3031 331 3102 ,e‘
355 3024 440 3091 fierit
462 3027 566 3092 eodem
588 3046 679 3094 versu
701 3028 793 3093 Ham.
819 3027 900 3093 931:

351 3130 394 3210 ,0
417 3133 497 3199 Dea
519 3133 742 3218 cunctiparens,
759 3134 881 3199 animae
898 3132 995 3211 dator,
1011 3151 1030 3197 o
1045 3131 1124 3198 Dec
1140 3127 1259 3196 Christe
1269 3129 1309 3191 !“

239 3237 325 3302 Neue
347 3238 369 3303 Ι.
393 3238 415 3303 Ι.
440 3238 465 3304 Ι.
494 3259 566 3324 pag.
592 3241 634 3306 85
663 3241 740 3306 dicit
766 3239 941 3305 vocativum
972 3257 1076 3304 casum
1100 3238 1203 3317 ‚Deus‘
1228 3254 1302 3302 non·

239 3343 300 3409 nisi
322 3344 355 3408 in
377 3345 506 3430 vulgata
529 3347 593 3412 divi
623 3345 803 3430 Hieronymi
833 3344 970 3410 versione
1001 3345 1032 3409 et
1054 3345 1137 3428 apud
1159 3341 1303 3409 ecclesia-

239 3450 331 3517 sticos
354 3452 515 3535 scriptores
539 3452 681 3531 inveniri,
705 3470 798 3534 quum
821 3449 937 3516 ethnici
952 3469 1109 3533 nunquam
1131 3451 1212 3515 Deos
1235 3467 1304 3514 suos

239 3557 392 3642 singulari
414 3579 540 3626 numero
562 3557 797 3642 appellaverint.
823 3558 907 3637 ,Dee‘
938 3558 1076 3623 vocativo
1105 3575 1179 3623 casu
1209 3555 1303 3620 etiam

235 3654 449 3731 'Tertullianus
460 3667 580 3733 advers.
595 3665 783 3732 Marcionem
795 3665 820 3743 Ι,
838 3665 890 3730 29.
907 3649 1048 3747 protulit,
1065 3683 1156 3747 quam
1172 3662 1303 3727 formam

229 3756 472 3854 ¹'non'improbat
493 3772 611 3838 Probus
634 3771 734 3838 instit.
759 3772 816 3837 art.
842 3771 907 3836 532
930 3787 1002 3855 pag.
1026 3771 1103 3834 340.
1128 3767 1253 3856 (Neue).

345 3877 456 3942 Perist.
473 3867 516 3956 ΙΙ,
539 3881 623 3944 53οι
641 3927 824 3956 ......
830 3877 977 3943 Laurenti
1001 3924 1141 3944 .....

712 3985 853 4052 beatus
885 3983 971 4052 urbis
1002 3981 1138 4049 incolat‘
