3042 4704
613 1061 886 1144 Prooemium.

325 1375 486 1442 Praeclare
501 1375 665 1460 Dionysius
677 1375 854 1454 Lambinus,
868 1375 915 1441 uir
927 1393 1000 1441 suae
1010 1375 1125 1442 aetatis
1134 1373 1280 1442 illustris-

219 1483 323 1563 simus,
346 1483 379 1547 in
395 1483 532 1566 Epistola
554 1483 750 1561 dedicatoria,
774 1483 813 1548 ad
840 1479 982 1548 Oarolnm
1012 1483 1135 1547 Nonum
1161 1482 1279 1566 Regem

218 1589 515 1658 Christianissimum
538 1590 620 1672 data,
646 1589 822 1654 Lucretium
854 1609 944 1656 suum
967 1589 1181 1654 commendans
1204 1589 1280 1655 haec

218 1696 311 1764 dicit:

329 1805 514 1882 „Homerum
537 1805 707 1888 propterea,
732 1804 811 1886 quod
834 1805 866 1868 in
890 1803 1071 1888 quibusdam
1094 1801 1279 1880 fabularum,

218 1909 332 1992 partim
365 1911 512 1992 turpium,
546 1911 660 1993 partim
694 1910 912 1990 absurdarum,
945 1908 1110 1975 involucris
1145 1909 1280 1974 omnium

219 2033 321 2080 rerum
345 2016 530 2082 natmalium
553 2017 646 2098 atquo
669 2017 871 2082 humanarum
893 2016 1097 2100 cognitionem
1126 2015 1280 2081 continere

221 2121 428 2202 existimatur,
459 2142 518 2188 non
547 2122 644 2188 solum
672 2123 824 2207 legimus,
854 2141 958 2188 verum
982 2122 1076 2187 etiam
1099 2119 1279 2188 ediscimus:

219 2229 468 2308 Lucretium,
502 2231 589 2295 sine
634 2229 857 2295 fabularum
902 2229 1124 2312 taliumque
1164 2247 1281 2313 nuga-

219 2355 300 2400 rum
335 2335 643 2422 integumentis,
675 2336 712 2402 de
736 2336 894 2419 principiis
929 2337 960 2401 et
983 2337 1081 2403 causis
1104 2355 1218 2414 rerum,
1243 2337 1280 2402 de

219 2442 342 2533 mundo,
378 2442 415 2508 de
449 2443 558 2508 mundi
585 2443 736 2526 partibus
773 2442 816 2508 de
840 2443 921 2508 vita
944 2443 1072 2521 beata,
1097 2443 1280 2508 derebus

219 2548 468 2615 caelestibus
491 2569 533 2616 ae
556 2550 733 2616 terrenis
756 2569 817 2615 non
832 2568 901 2615 vere
916 2548 1007 2616 illum
1023 2548 1156 2632 quidem,
1181 2567 1280 2630 neque

218 2656 277 2738 pie,
301 2656 354 2721 sed
383 2658 488 2721 tamen
521 2657 702 2740 simpliciter
737 2658 768 2722 ot
802 2657 906 2740 aperte
940 2656 980 2734 et,
1015 2655 1050 2718 ut
1083 2655 1278 2737 Epicureum,

219 2761 376 2845 ingeniose
410 2763 440 2827 ot
473 2765 561 2829 acuto
584 2765 615 2829 et
638 2761 756 2829 erudite
780 2765 810 2828 et
825 2762 986 2847 purissimo
1003 2779 1139 2827 sermone
1155 2761 1279 2843 loquen-

219 2868 282 2932 tem
305 2886 365 2934 non
387 2868 583 2934 audiemus?“
600 2870 625 2956 1)

325 2973 424 3056 Quam
448 2975 528 3041 docti
551 2977 748 3062 ejusdemque
780 2977 824 3061 pii
858 2975 919 3043 viri
953 2977 1122 3059 opinionem
1159 2975 1195 3040 de
1218 2974 1279 3038 Lu-

218 3081 370 3147 cretianae
399 3083 496 3164 poesis
526 3084 715 3166 praestantia
744 3083 956 3150 lubentissime
986 3081 1215 3165 amplectentes,
1239 3080 1279 3145 ad

218 3188 344 3254 alterius
367 3191 473 3272 poetae
506 3209 596 3274 opera
630 3191 789 3274 aptissime
823 3190 971 3274 applicari
1001 3209 1087 3272 posse
1110 3205 1277 3266 censemus,

219 3293 326 3359 Aureli
348 3296 497 3362 Prudenti
513 3297 689 3378 Clementis,
713 3298 774 3380 qui,
798 3316 980 3380 quamquam
1003 3294 1140 3362 omnium
1162 3296 1278 3376 tempo·

219 3419 286 3466 rum
310 3402 457 3468 acerrima
479 3405 604 3488 ingenia
632 3404 792 3488 occupavit
814 3404 974 3486 nostraque
994 3402 1154 3485 praecipue
1177 3401 1279 3468 aetate

218 3507 351 3574 editores
386 3510 493 3576 nactus
527 3513 574 3577 est
607 3511 690 3577 haud
725 3503 916 3594 spernendos,
952 3508 1120 3575 Obbarium
1149 3510 1223 3591 puta
1247 3508 1279 3572 et

217 3613 408 3680 Dresselium
441 3617 576 3682 nondum
610 3637 654 3697 eo,
689 3637 747 3700 quo
781 3618 893 3701 dignus
928 3619 975 3682 est
997 3616 1141 3698 praemio,
1165 3616 1201 3679 nt
1223 3632 1277 3678 nos

216 3719 339 3802 quidem
361 3723 516 3804 putamus,
543 3724 672 3790 donatus
695 3724 751 3789 est.
776 3723 877 3804 Quum
899 3723 983 3789 enim
1005 3721 1130 3799 ethnici,
1155 3720 1207 3803 qui
1231 3719 1277 3784 di·

323 3934 350 4001 1)
369 3933 497 4002 Legimus
515 3937 544 3990 in
570 3936 707 4006 Siegberti
734 3936 911 4004 Haveroampi
939 3933 1058 3989 editione
1086 3932 1145 3987 Titi
1169 3931 1278 3986 Lucreti

215 4024 368 4092 comparata
387 4023 515 4094 Lugduni
534 4025 696 4082 Batavorum
717 4025 794 4081 1725.
