3042 4704
624 356 842 426 ..65-

199 537 283 625 Sym.
308 538 333 619 Ι,
356 535 452 620 praef.
477 535 530 602 84.
558 535 678 620 ,hujus
701 531 824 618 sinete
838 531 964 619 estjam
979 531 1260 600 miserescite·

199 643 312 728 Apoth.
339 641 419 710 776:
448 661 522 722 „nee
544 642 625 708 ferre
647 639 829 724 pudescit
852 637 1048 726 (Christus.)“

199 750 279 818 Diti.
305 751 365 816 28:
394 749 583 834 „agnoscunt
604 747 735 814 iretrern
757 745 905 829 veniaque
927 746 1167 831 pudescunr
1194 745 1264 832 (eir.

200 856 287 922 Ceth.
312 857 353 936 Π,
377 857 437 922 26:
466 856 579 941 „piget
603 852 803 938 pudescit,
827 851 1031 938 paenitere„

306 980 547 1047 Resnltendi
571 979 663 1045 verbo
684 976 849 1043 transitive
871 977 970 1042 utitur
978 977 1098 1045 :Perist.
1121 977 1161 1059 X,
1185 977 1265 1044 979:

420 1086 561 1173 „hymnis
582 1083 759 1152 resultet
781 1083 978 1168 martyrem·

310 1211 484 1292 ,Sor-uer
512 1211 619 1278 eodem
641 1207 741 1288 modo,
759 1225 835 1290 quo:
851 1206 966 1290 placet,
989 1207 1100 1293 pudet:
1118 1207 1197 1275 dixit
1210 1208 1268 1276 im·

201 1320 348 1404 persensi.
385 1317 452 1399 „vel
475 1316 502 1384 si
531 1316 664 1404 gentiles
698 1314 833 1382 sordet
866 1315 1099 1382 venerarier
1122 1316 1263 1383 umbrus‘

203 1425 296 1494 Hane
321 1425 394 1492 104.

307 1551 337 1618 8.
360 1549 521 1616 Vivisco
543 1567 596 1632 pro
629 1546 750 1614 viveseo
774 1545 885 1628 Apoth.
909 1545 986 1611 902.
1011 1545 1197 1630 optimarum
1219 1563 1269 1612 eo-

200 1655 304 1722 dicum
326 1655 418 1722 leetio
453 1656 515 1733 est;
551 1655 755 1739 dirigesoo
789 1671 843 1736 pro
871 1652 1029 1736 derigesoo
1056 1653 1168 1736 Apoth.
1193 1652 1267 1719 617.

198 1763 291 1828 Hem.
318 1762 571 1838 insomnium
607 1759 793 1842 dispuere
826 1778 880 1842 pro
915 1758 1061 1841 despuere
1090 1759 1164 1842 quin
1192 1758 1268 1823 Pru·

200 1865 346 1930 dentiene
381 1865 473 1930 leetio
509 1865 551 1930 sit
584 1884 654 1931 eum
676 1863 811 1931 Obberio
844 1884 905 1931 non
939 1864 1062 1931 dubitat
1085 1863 1267 1942 Dresseliue‚

200 1969 270 2055 (eir.
293 1970 397 2034 notam
432 1989 461 2035 r.
492 1970 566 2036 368.
596 1971 855 2056 Peyehomeehiee
882 1971 954 2050 „ubi
984 1971 1145 2037 tamenin
1170 1971 1269 2049 textu,
1374 1981 1377 1988 '

207 2075 364 2160 „despuit
403 2076 544 2159 scripsit;
561 2076 714 2163 „dispuit“
733 2079 846 2162 Apotin
882 2078 978 2146 1084.
1013 2077 1094 2164 Synn
1130 2079 1154 2158 1,
1193 2077 1270 2144 579.

200 2182 311 2250 Perist.
338 2182 483 2271 11,188.)
1170 2255 1172 2260 ,

306 2307 453 2376 Heinsius
477 2309 590 2393 Apoth.
614 2308 691 2377 445.
715 2310 792 2376 528.
816 2309 891 2378 529.
923 2310 1019 2378 etiem
1050 2309 1271 2389 ‚distruere‘

199 2435 253 2502 pro
277 2417 451 2495 ,destruere‘
477 2452 518 2465 —-
541 2417 613 2484 elii:
649 2417 819 2498 ,dissieo‘
854 2436 908 2502 pro
932 2417 1068 2495 ,disseeo‘
1093 2417 1204 2482 Perist.
1228 2416 1271 2496 II,

201 2523 276 2590 209.
308 2521 395 2588 Ceth.
420 2524 445 2601 I,
470 2525 522 2589 97.
547 2523 713 2603 ‚inervo‘
739 2542 793 2607 pre
828 2529 958 2602 ‚enervo‘
993 2523 1081 2594 Ceth.
1108 2523 1194 2604 viii,
1218 2523 1271 2590 64.

202 2627 284 2714 Sym.
310 2629 351 2708 Π,
381 2631 455 2695 143.
486 2629 559 2708 alie,
586 2629 812 2694 Prudentienes
846 2629 959 2694 formes
989 2650 1055 2696 esse
1088 2630 1205 2710 velunt,
1227 2665 1272 2680 -

203 2752 262 2816 que
292 2733 330 2796 de
364 2751 397 2796 re
432 2734 539 2796 eentre
572 2733 654 2795 tenti
676 2733 795 2814 ingenii
818 2733 897 2798 viros
921 2733 1079 2817 disputare
1101 2737 1273 2804 reverentia

202 2837 288 2903 vetet
313 2873 366 2916 -,
392 2837 418 2902 si
442 2838 547 2902 tamen
563 2835 635 2919 quid
651 2835 801 2917 uidemus,
825 2837 991 2906 minutiore
1014 2859 1050 2906 ea
1072 2845 1156 2923 sunt,
1180 2861 1273 2926 quem

206 2959 284 3025 qnae
307 2941 515 3024 disputatione
537 2942 631 3026 longe
655 2940 751 3028 digne
773 2943 955 3010 habeantur.
981 2983 1022 2994 -
1048 3006 1052 3013 .

311 3065 483 3151 Partieipie
515 3066 646 3151 perfecti
679 3066 825 3151 temperis
859 3068 1076 3152 deponentium
1099 3089 1129 3154 q.
1152 3070 1182 3136 d.
1206 3089 1274 3136 ver-

205 3175 314 3244 borum
335 3174 459 3259 passiva
481 3173 708 3260 significatione
731 3174 807 3241 haee
829 3175 1075 3244 observavimus:

204 3298 423 3366 comitatus
458 3300 570 3385 Psyeh.
589 3300 670 3366 163:
700 3300 843 3385 „egregio
866 3301 1064 3368 eomitete
1086 3301 1152 3369 viro
1177 3349 1184 3366 .
1210 3348 1218 3365 .
1243 3306 1270 3364 .‘

471 3406 561 3492 (802.
585 3407 704 3474 entire:
736 3406 924 3487 ,Concordia
950 3428 1133 3494 germanum
1156 3407 1276 3475 eomi-

470 3514 557 3580 tets
587 3514 724 3582 Fidem.⁸
767 3514 824 3582 ei.
857 3513 944 3582 Ceth.
978 3515 1019 3594 X,
1046 3515 1100 3582 44.
1140 3514 1275 3595 „enimes

471 3621 832 3709 eomitatapriores.‘)
860 3620 973 3705 Apotln
996 3619 1079 3687 532:
1108 3620 1276 3707 „angelicis

473 3727 609 3795 coetibus
655 3727 889 3796 comitatum
934 3726 1114 3810 templum.‘
1163 3727 1274 3794 Perist.
1392 3732 1393 3736 ’

470 3831 528 3914 ΙΠ,
551 3836 610 3902 48:
630 3833 789 3919 „angelico
811 3832 1025 3902 comitata*
1046 3833 1137 3901 ehero
1160 3833 1276 3920 (uirgo)

472 3941 528 4008 eir.
551 3941 638 4008 Neue
661 3942 702 4022 ΙΙ,
726 3959 797 4027 pag.
820 3941 896 4009 204.

206 4043 409 4114 dimensus
468 4047 562 4115 Hem.
586 4049 669 4115 483:
720 4046 853 4127 „deserit
880 4047 1070 4132 adseriptem
1099 4046 1276 4113 dimensa

1051 4152 1072 4219 5
