3042 4704
653 322 885 388 ..Μ-

399 495 487 564 (iath.
511 527 553 556 α
575 495 810 566 Cathemerinon
831 499 920 567 liber.

395 605 507 690 Apoth.
524 605 619 688 praef.
643 606 668 685 I,
692 607 733 670 Π.
766 637 808 666 =
836 606 1017 691 Apotheosis
1041 607 1116 678 libri
1141 608 1300 695 praelatio.

395 712 506 796 Apoth.
530 743 572 774 π
593 712 774 795 Apotheosis
796 715 884 782 liber.

395 820 487 885 Ham.
511 849 553 879 a:
575 819 821 906 Hamartigenia.

393 927 503 1011 Psych.
527 955 568 986 a
590 927 839 1012 Psychomachia.

395 1033 477 1118 Sym.
499 1034 522 1114 l,
546 1033 587 1098 ΙΙ.
611 1063 653 1094 ε
675 1037 781 1101 contra
812 1035 1029 1120 Symmachum
1051 1039 1138 1108 liber.
1193 1043 1205 1062 ’

393 1141 505 1208 Periet.
528 1171 570 1201 π
592 1141 833 1225 Peristephanon
855 1143 943 1210 liber.

393 1247 473 1316 Ditt.
498 1279 539 1306 ι·-
561 1248 767 1316 Dittochaicn.

393 1355 475 1439 Epil.
499 1387 540 1412 ε·-
563 1356 721 1440 Epilogus.
747 1395 791 1404 —-

341 1462 569 1548 Argumentum
603 1463 740 1528 omnium
785 1464 936 1529 Prudenti
970 1469 1144 1548 poematum
1177 1469 1299 1537 omnino

234 1570 435 1636 christianum
459 1571 515 1648 est,
540 1561 718 1652 etquidem
742 1569 796 1648 ita,
821 1572 857 1634 ut
879 1572 932 1634 aut
947 1590 1036 1637 verae
1054 1573 1215 1658 religionis
1230 1577 1298 1658 pla·

235 1677 297 1743 cita
320 1678 426 1742 contra
446 1695 634 1760 paganorum
669 1677 760 1759 atque
795 1677 1015 1743 haereticorum
1050 1698 1165 1745 errores
1194 1681 1299 1747 defen·

236 1786 356 1864 dantur,
391 1785 471 1851 sicut
505 1785 537 1849 in
567 1784 743 1867 Apotheosi,
778 1784 1030 1868 Hamartigenia,
1065 1786 1155 1852 libris
1193 1790 1298 1854 contra

235 1893 461 1978 Symmachum,
485 1891 641 1957 nonnullis
663 1891 785 1976 hymnis
819 1891 1060 1973 Peristephanon
1093 1894 1147 1978 (ll.
1173 1895 1211 1964 V·.
1244 1895 1298 1982 X.)

234 2001 289 2066 aut
310 1999 435 2066 moralis
459 1997 614 2064 doctrinae
640 1997 826 2064 christianae
847 2015 919 2080 pars
951 1998 1042 2064 elaris
1073 2001 1224 2069 coloribus
1254 2005 1298 2069 le-

235 2108 374 2192 gentium
398 2105 508 2172 animis
532 2105 725 2190 depingatur,
750 2107 814 2171 sive
837 2105 1028 2171 ethnicorum
1051 2107 1137 2174 vitiis
1160 2110 1298 2175 crimini·

234 2206 350 2297 busque
373 2213 518 2298 opposita
543 2213 606 2278 sive
629 2233 682 2295 per
705 2231 737 2278 se
759 2212 886 2278 laudata
915 2213 1007 2295 atque
1036 2231 1091 2296 pro
1118 2217 1297 2281 excellentia

234 2340 290 2386 sua
312 2320 533 2398 commendata,
566 2319 645 2385 sicut
669 2320 701 2384 in
734 2319 974 2403 Psyehomachia
1008 2321 1039 2384 et
1062 2318 1294 2385 Cathemerinon

234 2429 322 2505 libro,
346 2427 399 2510 qui
414 2425 682 2505 exhortationibus,
705 2426 886 2510 praeceptis,
909 2426 1034 2490 monitis
1049 2424 1224 2491 utilissimis
1247 2443 1294 2490 re-

235 2535 331 2600 fertus
355 2534 418 2611 est;
433 2534 529 2598 restat
551 2534 678 2598 tertium
701 2533 871 2598 carminum
895 2551 1008 2616 genus,
1033 2532 1140 2617 hymni
1162 2533 1294 2598 Periste-

233 2641 355 2725 phanon
367 2640 451 2719 libri,
473 2641 611 2723 martyro
623 2639 761 2704 mlaudes
777 2639 977 2718 continentes,
991 2640 1102 2721 quihus
1115 2639 1198 2722 opico
1209 2659 1292 2708 more

235 2749 398 2827 cruciatus,
449 2747 600 2829 multique
635 2747 763 2825 labores,
791 2764 873 2812 mors
908 2746 1038 2829 denique
1068 2746 1200 2831 gloriosa
1245 2747 1296 2814 de-

234 2856 419 2921 scribuntur.
442 2855 504 2920 Res
525 2855 623 2938 igitur
646 2856 810 2921 maximam
827 2855 946 2937 partem
969 2872 1071 2932 novas,
1095 2855 1131 2918 ut
1146 2855 1295 2934 videmus,

234 2963 325 3045 atque
347 2961 387 3026 ad
410 2961 489 3026 illud
513 2979 605 3043 usque
628 2963 748 3043 tempus
770 2959 868 3044 poetis
891 2979 950 3025 non
977 2960 1114 3024 tentatas
1147 2961 1294 3036 tractans,

235 3088 339 3134 corum
370 3069 478 3147 instar,
510 3069 561 3150 qni
581 3087 645 3152 per
668 3068 753 3134 avios
785 3068 904 3132 montes
937 3081 1120 3144 ncmcraque
1150 3062 1295 3126 incedunt

233 3194 336 3259 opaca,
359 3176 484 3257 plenum
506 3176 618 3241 laboris
641 3194 725 3258 opus,
749 3172 868 3255 proprio
890 3170 991 3234 Marte
1013 3168 1097 3232 viam
1130 3166 1190 3231 sihi
1223 3183 1295 3249 ape·

233 3282 373 3347 riendam
396 3282 538 3365 suscepit,
562 3301 620 3365 qua
636 3301 668 3346 re
684 3281 801 3348 laetum
817 3279 872 3356 est,
896 3276 941 3355 ut,
959 3291 1140 3356 quamquam
1164 3273 1294 3356 saepius,

234 3389 267 3454 in
289 3388 453 3457 reddendis
475 3389 652 3455 christianis
675 3384 837 3453 sententiis
858 3401 1048 3468 paganorum
1076 3380 1205 3446 adhibet
1233 3380 1295 3446 elo-

234 3496 371 3564 cutiones
395 3515 429 3562 ex
452 3515 499 3580 gr.
525 3494 611 3560 Cath.
636 3495 674 3574 V,
701 3494 763 3559 127

339 3603 396 3669 illa
418 3604 506 3669 noete
529 3621 612 3668 sacer
636 3620 696 3684 qua
717 3599 811 3665 rediit
833 3599 916 3666 Deus

220 3712 227 3728 ⁸
340 3710 499 3796 stagnis
569 3691 621 3774 ¹ad
684 3727 847 3792 superos
912 3723 953 3771 ex
1010 3698 1295 3770 acheronticis.

235 3813 323 3884 caen.
347 3816 405 3898 III,
431 3819 504 3884 198.

240 3984 242 3990 ,
340 3925 394 3990 De
415 3923 685 4010 Phlegetonte
708 3921 808 4010 gradu
829 3917 917 3986 facili

340 4031 387 4100 ad
409 4049 574 4116 superos
596 4050 746 4098 remeasse
769 4030 879 4094 Deum.
