3042 4704
647 330 880 396 -33...

228 507 705 596 945.sym.1,326.(Peych.
730 507 806 573 600.
830 504 922 570 Ham.
947 503 1021 569 837.
1046 503 1129 588 Sym.
1154 503 1195 582 ΙΙ,
1220 504 1296 570 258.

231 615 406 702 materiem)
416 614 469 701 ⁴⁰).
517 705 519 709 v

336 721 483 789 Weituius
533 719 565 784 in
626 717 761 786 editione
790 735 846 783 sua
880 717 1012 801 (Hauon.
1050 713 1151 803 1613)
1185 715 1295 801 Popoh.

231 829 323 914 praes.
347 848 375 897 r.
399 828 460 894 36:

338 971 395 1033 ,ne
417 969 510 1034 quam
533 948 634 1014 fidelis
657 947 819 1032 sanguinis
848 948 1038 1030 prosapiam

226 1058 404 1127 emendavit
423 1055 642 1139 ,prosapiom“,
654 1053 837 1120 adversante
852 1052 1033 1119 auctoritate
1048 1052 1187 1119 codicum
1203 1071 1297 1118 manu

227 1165 414 1246 scriptorum
437 1162 619 1240 omnium,
643 1159 677 1225 in
706 1158 817 1242 quibus
832 1158 906 1244 (uno
935 1160 1067 1243 excepto,
1091 1159 1162 1225 vide
1199 1156 1297 1246 infra)

231 1269 353 1333 nullum
366 1268 479 1334 formae
500 1267 674 1351 ,prosapies‘
697 1266 798 1332 exstat
819 1264 994 1350 vestigium.

340 1375 427 1439 Neue
447 1375 471 1437 l.
493 1372 517 1436 l.
553 1370 578 1451 Ι,
601 1390 674 1456 pag.
698 1372 771 1438 386.
796 1372 828 1438 et
864 1372 957 1438 Klotz
980 1393 1003 1440 s.
1043 1392 1071 1437 v.
1116 1373 1292 1456 ,prosapia“

234 1479 430 1568 (auemritate
451 1477 560 1544 Heinsi
583 1476 750 1566 commoti),
781 1478 833 1561 qni
864 1479 974 1544 Perist.
1009 1479 1048 1558 X,
1086 1479 1159 1544 180.
1194 1478 1297 1562 legere

228 1585 351 1652 malunt
370 1584 596 1669 ,prosapiem‘z
756 1579 759 1584 ’

341 1710 395 1788 ,ut
417 1710 465 1775 tot
488 1710 664 1791 stuprorum
698 1709 854 1775 sordidam
877 1710 1066 1792 prosapiam

230 1817 375 1899 suffragio
395 1815 519 1898 quidem
539 1816 630 1882 unius
642 1813 767 1895 codicis,
790 1816 976 1895 oxoniensis,
1001 1816 1148 1900 gaudent,
1172 1816 1297 1882 criticae

233 1922 337 1986 auum
348 1921 425 1986 artis
436 1923 550 2006 regulis
562 1923 761 2001 damnantur,
775 1923 917 2005 quianon
928 1923 1195 1988 licetauctoritate
1207 1924 1298 1987 unius

234 2008 346 2075 codicis
369 2009 492 2091 fultum,
521 2012 581 2077 nisi
603 2012 684 2079 forte
707 2012 754 2077 eet
776 2011 911 2076 omnium
935 2025 1082 2076 consensu
1105 2012 1238 2094 optimus
1261 2030 1298 2076 ac

233 2117 318 2182 fonte
341 2133 376 2181 er
397 2135 453 2199 quo
466 2105 650 2184 'manaverit
671 2117 754 2197 aliis,
778 2118 918 2201 quamvis
952 2117 1060 2182 multis
1082 2116 1296 2200 praestantior,

234 2221 456 2289 emendationes
478 2225 623 2290 audacter
646 2224 776 2290 tentare.
802 2223 890 2289 Ceth.
914 2223 970 2302 XI,
995 2224 1047 2289 89.
1071 2223 1181 2309 Psych.
1203 2223 1297 2306 praef.

232 2348 259 2392 v.
285 2329 327 2395 36
350 2329 383 2393 in
405 2330 547 2396 omnibus
569 2329 659 2397 libris
674 2329 798 2415 scriptis
821 2331 854 2396 et
876 2329 967 2396 editis
990 2329 1126 2415 (excepto
1153 2329 1298 2417 Weitzio)

229 2433 345 2518 legitur
380 2437 570 2519 ,prosapia‘,
606 2436 829 2521 ,prosapiam“,
852 2455 926 2520 ergo
959 2437 991 2501 et
1023 2436 1081 2502 hoo
1115 2436 1181 2501 loco
1215 2434 1298 2501 codi-

229 2557 297 2605 cum
320 2541 486 2608 auctoritas
508 2542 622 2608 tuenda
645 2561 711 2609 esse
733 2542 867 2609 videtur.

336 2664 502 2748 Syucopae,
526 2685 603 2748 quae
619 2665 730 2732 mediis
745 2666 870 2732 vocibus
892 2665 937 2732 itu
952 2665 1127 2745 adhibetur,
1150 2668 1186 2730 ut
1201 2667 1299 2751 ejecta

229 2770 327 2836 vocali
339 2771 416 2836 dnae
432 2773 614 2838 concurrant
629 2773 838 2849 consonantes,
862 2790 935 2837 usus
957 2771 1091 2836 crebrior
1120 2773 1200 2854 apud
1219 2772 1297 2836 Pru-

229 2875 366 2941 dentium
374 2880 430 2956 est,
443 2896 534 2960 quarn
542 2879 623 2960 apud
631 2878 708 2944 alios
716 2877 829 2943 latinos
838 2877 1014 2960 scriptorcs;
1027 2878 1114 2961 cujus
1122 2877 1167 2942 rei
1175 2896 1297 2943 causam

229 2983 262 3046 in
284 3001 318 3048 eo
341 2983 407 3049 eine
430 2983 523 3049 dubio
545 2985 749 3067 quaerendam
773 3003 838 3049 esse
862 2983 1001 3063 dixerim,
1025 2985 1104 3067 quod
1127 2983 1297 3067 spernenda

228 3089 329 3173 magis
351 3090 509 3174 magisque
533 3091 565 3155 in
588 3090 752 3158 metiendis
775 3089 903 3176 syllabis
927 3090 1112 3173 quantitatis
1134 3091 1214 3174 lege,
1245 3109 1296 3154 ac-

229 3196 335 3260 centus
369 3214 440 3261 uero
463 3197 648 3262 auctoritate
670 3198 913 3281 ingravescente,
937 3198 1075 3283 ejusdem
1099 3198 1241 3263 accentus
1264 3199 1296 3262 vi

232 3299 380 3381 proximae
403 3302 521 3367 vocales
545 3303 600 3368 aut
614 3302 839 3386 corriperentur
862 3304 917 3368 aut
943 3304 1065 3370 omnino
1088 3322 1296 3388 expungeren-

230 3407 289 3472 tur.
334 3408 443 3491 Itaque
471 3409 671 3492 ,periclum“,
700 3409 886 3489 ,saeclum“,
915 3409 1088 3488 ,vinclum“
1130 3408 1296 3476 sexcenties

332 3727 379 3796 40)
396 3727 494 3798 Psyoln
512 3728 566 3784 454
584 3731 613 3784 et
630 3729 682 3784 481
701 3725 731 3784 in
750 3727 839 3785 codice
858 3728 1058 3793 Ratisbonansi,
1078 3745 1157 3798 quern
1182 3727 1295 3782 Meriet·

228 3819 280 3882 tus,
299 3816 502 3871 celeberrimum
521 3818 789 3888 vetustissimamque
807 3818 942 3887 appellare
964 3833 1017 3871 non
1046 3815 1163 3882 dubitet,
1192 3817 1295 3886 legitur

229 3905 388 3976 ,avamties3
406 3904 442 3961 ad
468 3922 536 3962 vers.
562 3906 615 3960 481
649 3910 766 3962 annotat
793 3906 952 3961 Mariettns:
991 3905 1053 3969 ,sed
1079 3907 1180 3960 racemi
1205 3920 1294 3969 manu,

225 3992 341 4050 femiae
358 3993 394 4049 ad
411 3995 597 4050 imitationem
615 3996 711 4064 prioris
729 3996 793 4064 (loci
810 3995 884 4064 454),
902 3995 977 4064 prins
994 3994 1058 4059 ruit,
1078 3996 1146 4049 tia⁸.
1172 4023 1205 4035 -

1111 4103 1133 4168 3
