3042 4704
651 343 870 418 ³⁶70·-

229 529 405 598 Infinittuus
427 527 597 614 praesentis
624 528 777 612 „potesse“
804 525 915 593 Perist.
939 523 980 606 Χ,
1003 525 1082 592 803:

345 637 513 720 „dissipare
529 637 594 701 tam
618 636 672 700 diu

336 763 389 812 uos
411 763 471 809 non
486 743 643 827 potesse
658 739 809 806 fabricam
831 737 1031 823 oorpusouli.“

337 851 367 916 2.
391 849 548 916 Nonnulla
564 848 657 914 uerba
668 845 794 912 secundi
809 846 925 912 ordinis
941 865 1023 913 more
1049 845 1136 912 tertii
1152 847 1297 914 declinate

230 957 322 1024 metri
344 973 436 1024 eausa
458 954 707 1022 terminationem
736 953 887 1020 secundae
912 972 1056 1038 personae
1096 959 1149 1033 ‚es‘
1181 954 1215 1020 in
1249 955 1296 1034 ‚is‘

230 1064 424 1149 permutans:

229 1169 341 1236 Perist.
365 1170 404 1250 V,
424 1172 480 1236 10:
510 1167 703 1248 „oollnois
724 1166 842 1252 insigni
864 1165 960 1233 stoIa‘

230 1275 304 1343 ibid.
329 1276 411 1343 393:
440 1275 516 1356 „sio
538 1274 696 1341 frendit
718 1275 750 1340 et
764 1293 872 1358 eorpus
895 1280 1044 1340 saorum.“

336 1383 479 1449 Formam
518 1380 727 1462 „excellet‘
769 1399 824 1465 pro
869 1380 1027 1461 „excellit“
1065 1380 1179 1465 Apoth.
1215 1383 1297 1449 560:

235 1489 339 1571 ,duris
372 1489 500 1556 excellet
522 1488 639 1555 uiribus
666 1488 768 1552 istud·
795 1485 939 1552 nonnulli
964 1487 1091 1568 codices,
1119 1489 1152 1553 in
1188 1489 1297 1572 quibus

229 1592 430 1675 Laurentius,
447 1594 602 1660 Puteanus
638 1592 786 1678 (Obbario
801 1593 975 1682 probatam)
995 1596 1154 1672 exhibent;
1171 1593 1296 1659 Dresse·

229 1701 291 1767 lius
314 1702 436 1786 quidem
459 1721 529 1767 oum
545 1700 682 1779 Heinsio,
696 1697 850 1780 Cellariio
868 1700 1001 1767 arevalo
1018 1700 1173 1780 „emollit‘
1199 1699 1295 1782 sarip-

230 1807 282 1888 sit‚
304 1809 369 1891 ipse
392 1809 497 1874 tamem
519 1807 650 1874 conferri
678 1806 768 1892 jubet
782 1803 962 1873 Diomedem
992 1827 1063 1892 pag.
1081 1809 1155 1872 371.
1172 1807 1217 1871 ita
1239 1807 1297 1872 hao

230 1914 268 1982 do
290 1934 323 1981 re
339 1915 525 1998 loquentem:
564 1963 576 1994 „
605 1963 613 1978 .
638 1964 645 1979 .
671 1915 883 1980 verumtamen
905 1913 1010 1979 Maoer
1032 1913 1185 1978 Aemilius
1208 1910 1299 1978 Omi-

229 2022 391 2108 thogonias
420 2021 567 2087 seeundo:
592 2035 661 2086 oum
684 2020 777 2086 laude
806 2019 982 2086 eroellet
1007 2020 1135 2086 omnis!
1164 2019 1301 2086 Ciceroni

231 2131 358 2196 eandem
381 2130 513 2195 formam
535 2127 648 2194 tribuit
663 2126 843 2195 Priscianus
866 2145 938 2211 pag.
964 2127 1046 2192 869:
1075 2126 1197 2206 „Cicero
1231 2143 1300 2193 vero

230 2233 261 2302 in
285 2237 384 2320 primo
406 2235 671 2320 epistularumad
694 2234 810 2299 filium:
835 2251 927 2317 quare
951 2233 1038 2300 effice
1061 2235 1094 2300 et
1122 2235 1244 2300 elabora
1266 2235 1301 2300 nt

117 2407 119 2411 .
231 2342 408 2409 excellens.“

337 2450 495 2516 infinitivo
507 2448 596 2514 modo
608 2446 694 2514 verbi
716 2466 746 2532 q.
771 2464 797 2513 e.
815 2447 967 2526 „fervere“
987 2446 1134 2527 vocalem,
1159 2452 1211 2528 ‚n‘
1235 2466 1300 2514 oor·

233 2555 309 2641 ripit
332 2556 415 2643 Sym.
439 2556 465 2635 1,
491 2557 569 2623 162:

343 2664 502 2747 „quoniam
532 2661 690 2747 regalibus
712 2660 785 2727 aula

336 2769 353 2836 f
357 2789 493 2837 eruere
515 2770 589 2836 tuno
612 2768 700 2835 nitito
716 2769 807 2834 solita
823 2767 898 2835 est.“
919 2767 988 2852 (cir.
1013 2765 1144 2848 Quintil.
1157 2767 1183 2846 Ι,
1216 2769 1246 2847 6,
1270 2767 1298 2851 ς.

233 2875 278 2964 l.)
302 2875 452 2944 Similiter
475 2875 656 2960 imperativo
697 2876 790 2942 Ham.
815 2877 897 2942 624:
927 2877 1083 2954 „sanetum
1096 2874 1191 2940 leotor
1209 2893 1299 2958 por·

231 2997 344 3054 oense
367 2982 527 3050 volumen*
561 2981 735 3063 Ponet-V,
765 2984 818 3049 60.
851 2981 1061 3064 ,errorque
1102 2981 1129 3046 si
1143 2981 1229 3064 potes
1258 2969 1299 3043 'fi-

232 3088 330 3156 dem!

338 3195 477 3261 Verbum
502 3197 708 3276 ,densere‘‚
732 3215 788 3280 pro
811 3197 959 3268 ,densaro‘
983 3195 1031 3262 his
1054 3194 1129 3261 loeis
1152 3191 1297 3277 protulit:

232 3299 321 3367 (leth.
364 3300 404 3380 V,
441 3302 500 3368 53:
536 3302 750 3381 „densetur
795 3304 899 3369 cuneis
951 3302 1044 3368 turba
1085 3299 1296 3384 pedestribus‘

231 3407 323 3474 Ham.
355 3407 438 3476 408:
497 3409 617 3495 „surgit
648 3408 681 3476 in
708 3409 857 3475 auxilium
890 3409 1070 3476 Chananeus
1108 3410 1140 3474 et
1173 3409 1301 3494 agmina

233 3512 400 3583 denset'*
428 3515 512 3601 Sym.
548 3517 574 3597 l,
608 3516 703 3600 praet.
740 3518 799 3582 21:
837 3519 887 3596 ,st
910 3513 1073 3582 densere
1108 3515 1168 3582 fooi
1191 3533 1301 3600 conge-

230 3619 308 3687 riem
331 3621 463 3688 studet!

340 3729 516 3796 Larandi
555 3729 682 3796 verbum
730 3728 817 3794 tertii
863 3729 981 3795 ordinis
1023 3749 1107 3797 more
1148 3726 1299 3795 declinat:

236 3833 347 3902 Parist.
372 3835 430 3914 111,
460 3838 541 3902 190:

342 3941 486 4027 ,gurgite
508 3941 629 4008 moenia
643 3938 772 4025 pnlohra
795 3940 916 4008 levit“

232 4046 288 4114 etr.
312 4049 386 4115 Hor.
412 4046 512 4114 Germ.
537 4047 578 4130 II,
602 4049 634 4133 3,
660 4049 718 4118 18:
