3042 4704
632 311 855 376 ,43-

320 510 399 573 „non
415 490 617 574 dedignatum
640 488 776 554 medicae
799 486 983 572 purgamina
1005 484 1123 568 aquai
1139 533 1250 550 .....
1256 489 1268 521 ⁸

316 597 430 664 Utrum
461 597 565 661 antem
594 594 799 672 Prudentius,
835 592 1001 658 archaismi
1033 591 1272 670 amantissimus,

213 726 274 773 una
295 705 419 770 tantum
441 703 534 787 hujus
557 701 679 786 generis
700 700 799 766 forma
820 717 894 766 usus
908 699 960 778 sit,
983 716 1023 763 an
1046 697 1150 781 plures
1171 697 1274 762 tenta·

92 822 95 827 '
214 812 302 888 verit,
324 809 520 876 librariorum
543 808 667 874 inscitia
701 807 886 891 deperditas,
909 805 989 889 qnod
1011 805 1045 870 in
1068 804 1202 883 Lucreti,
1225 804 1275 870 vel

214 918 336 1002 optimis
369 914 524 981 codicibus
558 913 687 979 factum·
716 932 781 980 esee
819 911 1042 979 demonstravit
1075 911 1114 976 cl.
1150 909 1275 976 Carolus

211 1025 426 1090 Lachmannus
450 1018 504 1106 (ad
527 1021 554 1098 Ι,
586 1017 654 1106 29.)
677 1019 907 1103 disquirendum
931 1019 1112 1085 omittimus.
1135 1017 1274 1082 Eundem

212 1113 318 1197 casum
340 1147 394 1211 per
417 1145 581 1213 syncopam
596 1125 694 1192 flectit
716 1127 826 1210 Psych.
851 1127 932 1192 847:

281 1304 285 1308 .
680 1281 706 1311 ‚.
731 1285 739 1300 .
764 1287 770 1299 .
796 1232 860 1300 sive
882 1229 989 1316 algida
1011 1231 1168 1296 borrae:

323 1341 409 1406 aetas
431 1340 618 1422 decrepitam
641 1340 728 1405 uocet
750 1340 790 1406 ad
812 1338 864 1422 pia
887 1357 973 1404 sacra
988 1338 1171 1404 senectam.l
1199 1334 1275 1423 (No-

219 1445 386 1510 minativus
408 1463 494 1514 casus
516 1447 626 1512 Boreas
648 1445 760 1530 Apoth.
785 1445 878 1533 661.)

323 1549 503 1616 Genetiuum
542 1553 646 1633 etiam,
681 1553 746 1618 siue
757 1552 923 1619 locativum
958 1552 1045 1631 uelis,
1079 1551 1271 1628 Aeoliae‚“

214 1655 395 1722 Aethrae
409 1675 464 1739 pro
478 1657 511 1722 in
526 1658 644 1737 Aeolia,
660 1660 693 1724 in
709 1659 833 1725 Aelhna
849 1658 928 1724 dixit
942 1658 1026 1744 Sym.
1050 1658 1075 1723 Ι.
1100 1657 1182 1724 308:

724 1784 870 1845 „necnon
891 1783 1021 1851 regnare
1043 1763 1172 1830 caminis
1287 1787 1291 1794 ·

219 1867 317 1932 fertur
339 1870 371 1934 et
390 1870 558 1937 Aeoliae
582 1891 719 1938 summus
741 1873 828 1938 faber
847 1891 913 1938 esse
929 1871 978 1938 rel
1001 1870 1213 1937 Aethnao“.

323 1975 432 2041 Aecus.
457 1976 538 2062 sing.
562 1997 646 2044 num.
669 1979 703 2044 in
727 1984 788 2058 ,en‘
811 1977 904 2044 fucit:

217 2079 302 2164 Sym.
327 2081 369 2159 Il,
393 2083 469 2148 562.
493 2085 640 2150 Persen
655 2085 865 2170 (Macedoniae
881 2085 957 2170 rer.)

218 2184 326 2270 Psych‚
351 2189 425 2255 860.
449 2191 729 2276 sardonychen
744 2191 813 2276 (eir.
838 2192 924 2258 Neue
940 2191 965 2271 I,
990 2190 1057 2275 35.)

219 2289 300 2374 Sym.
324 2293 349 2357 I.
376 2297 439 2360 119
463 2296 603 2381 Hylan.

323 2399 505 2474 Genetivum
529 2403 658 2487 pluralis
685 2407 805 2470 numeri
827 2422 881 2487 per
904 2423 1067 2489 syncopam
1090 2403 1210 2486 saepius
1234 2403 1279 2467 ie-

217 2504 261 2568 cit
282 2505 317 2569 in
344 2513 447 2587 „um“‚
475 2512 618 2588 ,umatus
633 2513 735 2596 gretia
751 2513 801 2577 vel
816 2512 908 2576 metri
930 2510 1111 2576 necessitate
1135 2509 1184 2575 vel
1207 2529 1278 2575 oon·

215 2611 377 2679 suetudine
399 2615 652 2706 vetustatis⁴³):¹‘

216 2716 441 2786 Aeneadum
466 2721 549 2807 Sym.
566 2724 615 2803 ll,
639 2725 715 2790 542.

216 2823 439 2892 Anniadum
462 2828 544 2914 Sym.
568 2829 594 2908 1,
618 2831 694 2896 551.

217 2929 509 3000 Christicolum
533 2936 616 3020 Sym.
640 2937 681 3015 11,
712 2935 795 3004 1002
816 2937 918 3003 Perist
939 2938 997 3016 ΠΙ,
1023 2939 1073 3003 72.

371 3038 637 3123 (Christicolarum
661 3041 748 3108 Ceth.
773 3043 813 3121 X,
837 3045 890 3110 57.
914 3044 1027 3126 Apolli.
1052 3043 1142 3128 485.)

216 3143 450 3230 indigenum
474 3147 556 3233 Sym.
581 3149 623 3226 Π,
647 3147 722 3214 501.
1245 3146 1247 3150 ’

325 3252 513 3330 „Perfidiane
538 3254 629 3320 deum
651 3255 833 3340 indigenum
856 3257 991 3323 cecidere
1014 3257 1061 3323 tot
1083 3257 1213 3322 urbesu¹¹

219 3353 476 3442 terrigenum,
500 3360 602 3426 Periet
625 3362 713 3440 Xlll,
737 3364 792 3428 37.

325 3464 433 3542 ‚Milia
456 3467 645 3551 terrigenum
670 3468 867 3550 spurcissima
894 3469 1051 3552 jusserant
1073 3468 1222 3535 sacrari·

217 3567 411 3636 Macetum
436 3572 519 3658 Sym.
542 3574 585 3652 ΙΙ,
610 3573 685 3638 542.

215 3673 464 3744 Romulidum
488 3679 571 3764 Sym.
595 3680 620 3744 Ι.
645 3682 675 3746 6.

320 3997 367 4066 43)
385 3997 493 4068 Pratum
512 3997 578 4062 nob.
596 3999 630 4058 do
648 4016 719 4060 nem.
733 4005 762 4058 et
773 4015 890 4072 pronom.
903 4000 920 4056 3
933 3999 1023 4078 (Anel.
1036 3999 1117 4056 Vind.
1130 4015 1191 4070 pag.
1206 4000 1276 4086 128).
