3042 4704
674 337 906 406 ..13-

257 535 311 582 nos
333 515 519 601 legerentur,
542 516 658 600 majore
681 516 811 581 forsitan
834 513 926 582 laude
949 515 1123 581 fruerentur
1157 517 1188 581 et
1221 515 1322 582 adrni-

257 624 384 702 ratione,
407 623 548 704 idemque
571 622 608 687 do
630 623 880 707 Psychomachia,
897 623 998 688 nescio
1020 639 1060 686 an
1079 622 1158 706 jure,
1182 621 1321 703 dixerim,

256 730 437 796 aduersante
467 729 631 808 Dresselio‚
646 729 705 812 ¹qui
728 730 843 794 librum
868 731 949 794 huno
986 723 1248 807 „mediocritatem
1271 729 1322 794 uir

256 836 564 922 superare“dicit²⁹)‚
588 836 661 901 ordo
684 837 765 902 euim
789 837 821 900 et
843 836 1019 918 compositio
1041 836 1137 901 totius
1166 835 1321 916 carminis,

257 943 418 1027 granditas
441 943 611 1021 verborum,
636 942 786 1008 crebritas
809 944 1049 1022 sententiarum,
1080 940 1152 1021 alia,
1176 941 1320 1026 flugitare

257 1049 409 1129 videntur,
433 1051 469 1114 ut
491 1051 624 1132 aequius,
649 1051 704 1115 aut
727 1050 809 1114 certo
831 1068 892 1114 non
929 1049 1004 1114 adeo
1037 1049 1191 1127 acerbum,
1226 1047 1263 1112 de
1286 1063 1319 1113 eo

256 1155 313 1229 fiat
332 1157 493 1241 judicium,
517 1157 657 1239 qtuamvie
681 1157 737 1222 sub
759 1155 853 1220 finem
876 1155 923 1221 vis
945 1155 1064 1238 poetica
1086 1155 1244 1220 minuatur
1269 1171 1317 1218 or·

258 1263 370 1346 dorque
393 1262 540 1331 considat.

365 1369 451 1435 Libri
474 1371 579 1435 contra
603 1369 819 1460 Symmachum
855 1369 924 1448 duo,
959 1387 1032 1451 quos
1067 1367 1239 1434 Dresselius
1274 1365 1321 1433 di-

257 1476 346 1543 cendi
369 1478 459 1558 atque
482 1475 718 1559 argumentandi
741 1493 851 1559 genere
873 1477 994 1558 praeter
1009 1477 1143 1540 caeteros
1166 1493 1319 1540 commen·
1384 1557 1386 1562 Ι

258 1581 336 1659 dari,
359 1582 452 1646 immo
475 1582 610 1664 palmam
633 1583 787 1664 postulare
811 1581 951 1667 dicitu),
974 1581 1100 1664 poeticis
1124 1582 1246 1664 quidem
1276 1582 1321 1646 le·

257 1676 380 1772 poribus
403 1689 517 1767 carent,
541 1705 634 1770 quum
660 1688 730 1753 finis
765 1707 869 1754 eorum
901 1689 993 1773 louge
1027 1689 1068 1754 sit
1102 1688 1191 1767 alius,
1227 1703 1317 1770 quam

258 1811 348 1879 quern
364 1795 471 1861 volunt
494 1795 611 1877 poetae,
636 1795 815 1860 confutandi
837 1813 946 1877 nempe
977 1793 1177 1878 vincendique
1211 1795 1320 1860 adver-

258 1903 349 1967 sarii:
373 1903 454 1967 inest
476 1902 515 1966 iis
538 1902 641 1966 tamen
671 1901 822 1984 quaedam
859 1902 917 1981 vis,
952 1921 1004 1984 spe
1039 1904 1140 1968 certae
1174 1901 1320 1968 uictoriae

257 2009 387 2074 incitata
409 2011 500 2091 atque
523 2008 622 2086 aucta,
646 2008 728 2072 inest
749 2008 848 2072 uirtus
871 2008 1015 2073 orationis
1039 2010 1150 2074 eximia
1184 2009 1216 2076 et
1249 2025 1319 2074 vore

259 2116 437 2194 christiana,
462 2133 521 2196 qua
545 2114 772 2198 Symmachum,
797 2112 905 2179 timide
922 2115 992 2181 deos
1015 2135 1084 2182 suos
1108 2117 1320 2182 commendan-

259 2223 321 2288 tem
345 2221 438 2286 facile
462 2222 585 2303 superat
608 2221 850 2303 prosternitque3
873 2221 955 2303 prior
988 2223 1067 2288 liber
1100 2224 1320 2304 antiquitatum
1351 2308 1354 2312 ¹

259 2347 463 2406 romanarum,
497 2327 657 2410 praecipue
680 2327 720 2392 ad
753 2327 935 2412 religionem
968 2328 1171 2411 spectantium
1198 2327 1318 2402 notitia,

259 2436 338 2501 ulter
361 2434 519 2518 aptissima
543 2435 690 2499 materiae
713 2433 910 2517 dispositione
932 2433 1065 2519 legentis
1097 2434 1233 2498 animum
1267 2431 1319 2495 de·

259 2543 364 2621 lectat,
388 2559 487 2606 sermo
510 2541 542 2605 in
565 2543 693 2623 utroque
715 2561 819 2624 purus,
844 2542 978 2627 elegans,
1003 2542 1190 2608 emendatus.

366 2648 486 2729 Quanto
509 2649 612 2714 autern
635 2648 732 2730 poesis
755 2649 922 2713 christiana
945 2649 1134 2714 ethnicorum
1157 2647 1248 2730 poesi,
1271 2645 1320 2711 vel

260 2756 356 2838 ipsius
379 2755 516 2839 Augusti
539 2756 639 2820 aetate
661 2755 791 2835 florenti,
817 2756 946 2822 excellat
979 2759 1072 2840 atque
1105 2756 1239 2822 emineat
1271 2751 1320 2825 uel

260 2881 296 2928 cx
330 2863 423 2928 soiius
457 2863 607 2927 Prudenti
637 2860 743 2946 lyricis
778 2863 965 2928 carminibus
999 2865 1200 2946 cognoscitur,
1236 2863 1322 2946 cujus

261 2968 495 3034 Cathemerinon
517 2969 596 3035 liber
619 2969 650 3032 et
673 2970 806 3033 maxima
828 2987 900 3051 pars
922 2969 1104 3052 hymnorum
1127 2967 1322 3046 Peristepha·

260 3096 320 3142 non
343 3077 496 3159 specimen
520 3074 708 3140 christianae
729 3076 815 3157 lyrae
834 3075 904 3156 jure
927 3073 1083 3136 vocantur.
1130 3071 1198 3134 Hac
1229 3069 1267 3132 de
1288 3085 1321 3131 re

260 3185 341 3248 inter
363 3201 467 3248 omnes
490 3182 554 3244 fere
578 3179 768 3242 doctissimos
803 3177 834 3240 et
868 3175 1002 3240 eruditos
1036 3174 1127 3252 viros,
1162 3173 1190 3238 si
1223 3172 1321 3238 selum

261 3287 521 3370 Bernhardy‘um‚
545 3283 712 3348 Prudentio
735 3282 804 3364 plus
827 3298 921 3364 aequo
951 3279 1110 3346 inimicum
1123 3280 1254 3365 excipias
1269 3279 1321 3366 ²¹),

260 3413 321 3461 una
344 3413 399 3460 vox
422 3393 478 3456 est.
524 3389 695 3456 Nonnullos
716 3390 782 3473 jam
806 3407 897 3471 supra
919 3387 1143 3454 nominavimus
1153 3387 1206 3475 ²²),
1236 3405 1322 3454 acoe-

262 3501 356 3566 dunt:
380 3497 513 3562 Isidorus
528 3495 720 3578 Hispalensis
741 3494 888 3574 „dulcem
913 3512 963 3560 ore
979 3493 1318 3560 erimioPrudentium'

261 3623 371 3672 uocans
385 3603 437 3690 2³),
462 3603 628 3686 Bentleyus
656 3653 669 3681 „
695 3603 840 3668 Flaccum
863 3602 1084 3668 christianum
1116 3619 1186 3668 eum
1218 3601 1323 3684 appel·

264 3747 474 3758 ..μ--κι-

370 3818 403 3872 19
421 3819 451 3870 et
468 3815 513 3884 20)
531 3814 648 3870 Dressel.
664 3814 785 3885 prolegg.
804 3827 867 3885 pag.
893 3813 951 3876 XX·

368 3907 413 3970 21)
432 3904 588 3974 Bernhardy
606 3903 623 3960 l.
644 3904 662 3960 1.

368 3997 412 4064 22)
432 3993 478 4048 cir.
498 3992 606 4048 Dressel
624 3994 712 4064 prlgg.
731 4009 792 4066 pag.
813 3989 886 4058 XIX,
905 3996 971 4049 nota
989 3993 1032 4048 56.

368 4085 413 4151 23)
432 4081 500 4138 lbid.
521 4081 591 4154 apud
610 4082 725 4139 Dressel.
