3042 4704
636 303 920 376 ¹-13—

274 493 355 560 inter
378 490 490 557 latinos
513 489 674 572 scriptores
697 507 714 554 e
737 488 858 573 graecis
880 487 1043 553 transtulit
1064 487 1239 556 auctoribus
1262 489 1336 554 Ter·

275 601 423 668 tullianus
445 599 565 684 apolog.
591 598 634 662 34
656 596 711 661 ubi
733 596 770 660 de
797 613 987 662 romanorum
1011 595 1228 678 imperatorum
1249 615 1337 679 ,apo-

276 707 388 773 theosi“
416 704 577 789 loquitur),
602 723 660 787 quo
683 703 761 768 libro
784 702 953 768 doctrinam
978 702 1014 768 de
1038 702 1231 768 sanctissimo
1254 723 1282 786 q.
1308 723 1335 768 v.

276 813 429 880 Trinitate
453 811 558 878 contra
582 810 779 900 adversarios,
818 808 870 892 qui
893 809 926 873 in
941 810 1116 875 universum
1152 809 1338 888 ,Antitrini

273 922 363 988 tarir‘
392 920 547 998 dicuntur,
571 917 727 983 subtiliter
749 918 780 982 et
802 916 890 984 acute
914 916 1060 982 defendit.

382 1028 413 1090 3.
448 1023 759 1110 Hamartigenia
811 1021 1135 1112 (Ἁμαρτιγένεια)
1181 1023 1218 1090 de
1262 1022 1338 1087 mali

275 1133 412 1216 origine,
447 1131 552 1197 contra
587 1150 645 1210 eos,
670 1131 722 1214 qui
758 1150 827 1196 cunr
856 1131 1010 1196 Marcione
1044 1127 1229 1218 δημιουργόν
1262 1130 1338 1194 mali

276 1238 462 1321 principium
485 1239 670 1305 statuebant.

324 1340 325 1344 ’
382 1347 412 1412 4.
437 1345 747 1429 Psyohomachia
764 1341 1032 1432 (Φυχομαχία)
1048 1345 1102 1410 ubi
1123 1343 1252 1410 virtutes
1268 1364 1338 1410 oum

277 1452 362 1519 vitiis
378 1452 608 1537 congredientes
624 1452 753 1532 inducit,
767 1471 889 1517 carmen
906 1451 1192 1535 spico-didacticum
1209 1470 1238 1534 q.
1254 1472 1283 1518 v.
1293 1449 1337 1540 13)

274 1667 376 1746 ritiae,
401 1667 579 1746 discordiae,
596 1667 787 1732 ethnicorum
802 1665 984 1752 religionem
1001 1665 1170 1750 perstringi
1193 1665 1269 1732 bene
1292 1665 1338 1732 vi·

277 1773 322 1838 dit
345 1774 586 1858 Drcssclius14).

385 1880 416 1943 5.
440 1879 587 1944 Contra
611 1879 931 1965 Symmachum1⁵)
962 1879 1061 1945 libri
1090 1879 1179 1960 duo,
1211 1900 1340 1963 qnorum

278 1983 377 2066 priore
400 1983 437 2048 de
460 1983 520 2049 diis
544 1984 575 2048 et
596 1983 749 2048 institutis
772 2003 960 2069 paganorum
995 1986 1028 2048 in
1062 1985 1237 2052 universum
1260 1988 1338 2072 agit,

277 2089 374 2155 altero
389 2092 494 2155 contra
509 2090 649 2175 singulos
672 2092 774 2173 partes
798 2091 966 2170 relationis,
985 2110 1003 2155 a
1019 2090 1199 2176 Symmacho
1215 2093 1255 2158 ad
1270 2093 1339 2177 plu·

279 2217 327 2263 res
350 2196 547 2280 imperatores
569 2197 690 2277 missae,
715 2197 979 2281 defensionemque
1002 2198 1114 2264 veteris
1137 2200 1246 2266 erroris
1269 2219 1340 2266 con-

277 2303 416 2384 tinentis,
440 2303 469 2370 d.
494 2304 690 2370 Ambrosium
706 2305 872 2370 maximam
894 2306 1012 2388 partem
1036 2308 1167 2386 secutus,
1191 2305 1337 2390 disputat.

385 2415 414 2478 6.
439 2412 761 2494 Peristephanon
785 2412 892 2501 (Περὶ
917 2409 1339 2497 ocspdoaolquatuorde-

278 2519 338 2584 cirn
368 2520 490 2604 hymnis
514 2519 547 2583 in
576 2519 747 2604 martyrum
781 2521 924 2585 honorem
958 2520 1142 2603 compositis,
1176 2520 1208 2585 et
1241 2521 1339 2587 varios

277 2625 381 2690 modos
404 2626 561 2692 cruciandi
584 2626 615 2691 et
637 2645 685 2692 res
701 2628 804 2706 miras,
829 2645 905 2710 quae
927 2626 1062 2710 passioni
1077 2645 1178 2693 eorum
1195 2628 1339 2712 conjunc·

278 2730 329 2794 tae
351 2732 447 2809 erant,
471 2731 625 2797 describit.

264 2895 267 2904 ,
389 2837 417 2902 7.
441 2837 696 2904 Dittochaion
720 2835 866 2926 (διττός
889 2841 924 2906 eo
946 2836 1016 2928 ὅχή
1039 2841 1179 2924 duplex
1202 2841 1338 2923 refectio,

280 2941 392 3008 veteris
414 2943 468 3009 sol.
493 2946 524 3008 et
547 2945 619 3010 novi
639 2945 830 3034 testamenti)
854 2946 1011 3030 quaternis
1033 2948 1170 3014 versibus
1199 2949 1337 3029 heroicis,

279 3068 356 3133 qnae
380 3069 414 3116 er
429 3051 540 3116 veteris
563 3052 692 3136 novique
714 3054 893 3120 testamenti
908 3054 996 3119 libris
1019 3053 1160 3138 digniora
1183 3056 1338 3122 etmerno-

278 3158 342 3222 riae
365 3157 607 3225 Christianorum
630 3161 825 3243 potissimum
848 3159 1030 3227 inculcanda
1063 3161 1248 3228 videbantur
1270 3162 1338 3227 bre-

280 3263 358 3329 viter
379 3251 592 3346 adumbravit;
616 3268 736 3334 constat
758 3269 802 3334 49
824 3269 1024 3334 tetrastichis.
1059 3305 1103 3315 -

386 3371 540 3457 Siglornm
564 3375 742 3458 explicatio:

437 3480 538 3548 Praef.
562 3502 631 3568 gen.
655 3512 697 3540 .-.
719 3481 874 3548 Praefatio
896 3483 1058 3567 generalis.

383 3657 428 3728 13)
446 3659 482 3713 M.
502 3659 586 3714 Varro
604 3659 717 3714 satiram
735 3660 874 3730 inscrrpsit
892 3657 1067 3732 Σκιομαχίαν,
1096 3661 1168 3716 teste
1187 3655 1275 3716 Gellio
1302 3657 1338 3719 N.

263 3746 308 3802 ”Δ.
328 3746 405 3813 XIII,
424 3749 467 3813 22,
485 3749 511 3804 4.
531 3748 644 3804 Dresscl.

384 3837 429 3906 14)
448 3835 573 3906 Prolegg.
590 3855 615 3908 p.
636 3839 697 3904 XII,
717 3842 746 3895 et
764 3841 830 3894 nota
851 3841 894 3895 26.

276 4011 289 4066 f
383 3926 429 3995 15)
449 3927 622 3996 Symmachus
640 3929 807 3984 ethnicorum
826 3929 925 3984 saeculi
945 3931 1036 4001 quarti
1054 3931 1143 4000 caput,
1171 3927 1232 3982 urbi
1260 3943 1336 4000 prae·

287 4016 370 4070 octos.
390 4043 422 4054 -·
