3042 4704
654 353 848 418 ...9-

227 533 361 617 simplici
383 532 552 618 humilique
583 532 705 599 dicendi
734 531 850 598 ratione
873 531 1119 616 magnitudinem
1141 529 1285 617 majesta·

227 641 348 723 temque
370 640 510 708 ueritatis
544 640 697 706 occultare
718 639 840 718 nititur,
872 657 1027 722 sermoque
1050 641 1116 725 ejus
1138 639 1219 704 haud
1242 638 1285 704 ci-

228 768 329 816 nerem
352 748 515 833 quaeritat,
544 748 597 814 sed
620 744 721 830 potius
754 765 793 810 ue
826 745 891 829 ipso
914 746 1054 812 laedatur
1087 745 1285 828 pertimescit.

228 855 386 940 Quumque
409 857 533 939 insuper
547 873 605 934 res,
630 855 668 920 ab
684 853 752 937 ipsa
766 854 927 933 tractatae,
951 854 1081 939 majores
1098 853 1169 932 sint,
1193 855 1286 936 qua'm
1328 837 1330 842 ’

226 983 300 1047 quas
323 963 402 1029 ratio
426 962 616 1046 intellegere,
640 962 694 1026 aut
723 961 830 1045 lingua
854 960 953 1043 eloqui
976 961 1082 1043 possit,
1105 958 1286 1044 magnitudo

226 1090 331 1136 carum
354 1071 448 1135 arctis
472 1068 574 1136 uerbis
604 1068 785 1135 occultanda
808 1068 967 1152 magisque
981 1067 1164 1132 admiranda
1179 1065 1286 1149 pieque

227 1177 471 1260 contemplanda,
495 1195 586 1261 quarn
607 1173 729 1259 penitus
744 1173 955 1258 perspicienda
977 1193 1042 1240 esse
1065 1174 1214 1240 videtur.“

334 1284 379 1348 ΕΚ
402 1284 485 1350 hisce
507 1282 646 1350 nonnihil
675 1282 753 1348 lucis
776 1281 918 1348 attulisse
940 1282 1084 1364 putamus
1106 1281 1146 1346 ad
1169 1279 1287 1363 discep-

228 1391 352 1456 tandam
376 1392 600 1473 quaestionem,
631 1390 684 1473 qui
707 1388 771 1468 fiat,
804 1390 839 1454 ut
860 1389 984 1454 tantum
1007 1388 1171 1454 discrimen
1192 1405 1288 1471 paga·

227 1516 280 1563 uos
303 1498 383 1563 inter
417 1497 655 1582 christianosque
687 1497 824 1562 auctores
858 1495 1026 1581 legentium
1050 1494 1162 1560 animis
1185 1512 1288 1559 occur·

226 1604 285 1684 rat,
309 1605 339 1669 in
365 1604 403 1670 iis
426 1604 621 1688 praesertim,
652 1621 729 1686 quae
752 1604 791 1669 ad
815 1603 958 1669 orationis
981 1603 1133 1679 ornatum,
1166 1600 1288 1666 dicendi

227 1711 355 1794 copiam,
379 1711 633 1794 amplitudinem,
657 1710 918 1796 magnificentiam
941 1710 1124 1793 pertineant.
1149 1707 1289 1775 Similem

229 1816 455 1883 distinctionem
480 1817 583 1883 Cicero
613 1818 723 1884 statuit
756 1817 838 1882 inter
862 1817 983 1882 dicendi
1006 1835 1113 1901 genus,
1129 1814 1216 1898 quod
1239 1834 1288 1880 ar·

229 1924 511 2007 gumentatiouibus
535 1925 565 1988 et
587 1923 676 2002 illud,
701 1923 780 2005 quod
803 1923 878 1989 locis
901 1922 1111 1989 communibus
1134 1922 1288 2006 proprium

230 2031 292 2095 est:
322 2029 412 2108 ,illae
434 2031 557 2095 tenuius
573 2031 604 2094 et
619 2030 817 2095 subtilius'et
840 2029 960 2095 acutius
974 2031 1156 2109 tractantur,
1180 2029 1213 2093 hi
1234 2048 1288 2094 au·

228 2137 292 2201 tem
316 2136 465 2221 (scilicetz
488 2137 549 2201 loci
571 2135 759 2222 communes)
791 2137 916 2220 gravius
946 2138 977 2203 et
1006 2137 1143 2203 ornatius
1167 2137 1288 2202 etcum

230 2242 340 2320 verbis,
376 2243 442 2307 tum
476 2242 570 2307 etiam
594 2243 755 2308 sententiis
788 2243 1021 2322 excellentibus;
1057 2244 1089 2308 in
1120 2243 1184 2308 illis
1208 2243 1289 2308 euim

229 2349 298 2415 finis
321 2351 378 2429 est,
401 2351 437 2414 ut
459 2349 502 2428 id,
533 2349 612 2432 quod
636 2349 748 2416 dicitur
772 2369 877 2416 verum
902 2371 966 2418 esse
999 2352 1149 2429 videatur,
1174 2352 1206 2415 in
1229 2350 1297 2430 hie,

227 2456 353 2522 tametsi
386 2456 443 2522 hoc
477 2475 593 2539 quoque
627 2457 726 2523 videri
751 2459 878 2540 oportet,
913 2459 1016 2524 tamen
1050 2457 1120 2522 finis
1155 2457 1202 2522 est
1223 2475 1289 2521 am-

229 2564 418 2646 plitudo⁷)“.

337 2669 505 2736 Christiani
538 2671 619 2736 euim
654 2671 826 2755 scriptores,
861 2692 954 2756 quum
988 2672 1021 2738 id
1044 2672 1164 2756 praeter
1187 2671 1289 2737 omnia

231 2778 389 2855 curarent,
413 2779 449 2842 ut
470 2777 620 2844 revelatas
650 2797 669 2842 a
692 2777 813 2844 Christo
842 2779 997 2857 veritates,
1011 2779 1058 2844 ³et
1081 2778 1121 2843 ad
1143 2778 1235 2844 fidem
1258 2779 1290 2843 et

231 2882 271 2947 ad
294 2902 392 2948 mores
415 2884 596 2965 spectantes,
621 2885 825 2950 sincerissime
854 2885 990 2950 fidelium
1015 2885 1169 2950 mentibus
1192 2885 1289 2950 incul-

231 2990 346 3067 carent,
370 3009 429 3071 quo
452 2990 483 3054 et
505 2990 564 3055 Dei
588 2990 705 3074 Optimi
728 2992 857 3057 Maximi
880 2991 978 3076 gloria
1002 2992 1139 3056 interris
1162 3011 1289 3077 augere·

230 3099 291 3174 tur,
314 3095 530 3178 hominumque
554 3097 647 3162 saluti
671 3099 894 3164 consuleretur:
919 3097 985 3163 fieri
1009 3118 1067 3164 non
1083 3099 1192 3182 potuit,
1217 3099 1290 3181 quin

231 3223 264 3267 eo
288 3202 409 3268 dicendi
431 3221 542 3288 genere
564 3205 665 3286 potius
692 3205 867 3283 uterentur,
899 3206 978 3288 qued
1001 3205 1104 3272 Cicero
1127 3225 1291 3290 argumen-

231 3309 398 3374 tationibus
429 3311 580 3393 proprium
605 3331 669 3377 esse
693 3313 871 3390 declaravit,
895 3313 985 3395 idque
1008 3332 1067 3378 non
1090 3312 1188 3377 solum
1211 3311 1291 3394 apud

232 3433 292 3493 eos,
316 3415 368 3497 qui
390 3435 478 3498 prosa
498 3419 634 3484 oratione
657 3419 854 3500 scripserunt,
878 3419 1049 3484 sedetiam
1073 3419 1152 3501 apud
1176 3420 1289 3502 poetas,

231 3520 360 3585 eundem
384 3521 474 3588 finem
497 3527 720 3608 persequentes,
745 3525 922 3609 saepissime
945 3526 1118 3591 invenimus
1128 3525 1164 3609 ⁸).

338 3701 365 3768 7)
385 3700 476 3756 Cicero
495 3702 527 3756 de
546 3703 702 3756 inventione
720 3703 756 3766 II,
779 3703 819 3766 16,
838 3704 881 3757 21.

337 3790 365 3860 8)
383 3791 442 3844 Huc
461 3791 537 3855 facit,
557 3791 627 3861 quod
640 3791 791 3858 Salvianus,
812 3791 918 3847 Galliae
930 3791 1076 3861 Presbyter
1089 3792 1198 3846 scribit:
1221 3808 1292 3857 ,nos

231 3879 278 3949 qui
296 3896 405 3934 rerum
423 3881 512 3949 magis
531 3896 610 3950 quam
630 3880 806 3935 verborum
827 3884 967 3943 amatores,
986 3880 1068 3935 utilia
1095 3883 1193 3952 potius,
1213 3898 1292 3952 quarn

231 3968 387 4037 plausibilia
406 3973 552 4034 sectamur3
572 4014 578 4025 .
599 4012 605 4024 .
626 4014 631 4024 .
653 4014 657 4024 .
678 3971 706 4025 in
721 3970 920 4040 scriptiunculis
938 3971 1040 4026 nostris
1052 3987 1105 4024 non
1123 3971 1292 4025 lenocinia

231 4073 288 4112 esse
307 4059 428 4112 volumus
442 4057 488 4113 sed
506 4059 685 4115 remedia“.
705 4060 744 4114 Dc
757 4059 954 4128 gubernatione
966 4059 1025 4114 Dei.
1048 4060 1173 4130 Beneque
1185 4059 1293 4118 Dresse·
