3042 4704
660 291 856 356 ...6,

229 474 348 552 cuntur,
372 473 510 538 auctores
533 469 670 536 omnium
702 470 843 535 manibus
865 469 1013 548 terantur,
1037 487 1130 552 quum
1151 488 1171 534 a
1192 468 1290 552 prime

229 580 329 646 aetate
352 578 591 644 adolescentium
621 575 717 641 animi
750 576 783 640 in
807 576 932 660 egregia
961 575 1031 653 ista,
1064 575 1142 658 qnod
1175 576 1291 641 sincere

229 688 371 766 fatemur,
405 686 559 768 palaestra
592 684 796 762 exerceantur,
820 682 852 748 iu
875 702 935 766 qua
958 682 1070 748 mentis
1092 683 1174 748 ecies
1197 701 1292 766 auge-

229 795 289 872 tur,
314 792 459 858 memoria
481 791 655 857 roboratur:
679 791 810 855 manime
827 789 990 856 dolendum
1012 791 1058 855 est
1074 807 1092 855 a
1109 788 1291 855 Christianis

230 882 413 966 christianos
443 899 613 981 scriptores,
647 916 684 961 ne
719 897 820 962 dicam
848 896 970 962 omnino
1003 895 1123 981 negligi
1145 935 1190 944 —
1212 898 1293 962 atta·

230 1025 300 1071 men
323 1006 487 1071 maximam
509 1005 627 1088 partem
650 1004 736 1088 parvi
758 1003 916 1077 aestimari
937 1023 1108 1088 magnoque
1130 1005 1292 1087 supercilio

232 1112 356 1194 despici.
392 1111 495 1192 Quid?
529 1111 563 1178 Si
593 1111 761 1177 Lambinus
784 1110 962 1176 Lucretium
985 1111 1022 1176 de
1044 1111 1110 1176 vita
1132 1111 1230 1189 beata,
1255 1111 1292 1176 de

230 1219 321 1284 rebus
337 1218 520 1283 caelestibus
542 1237 578 1284 ac
600 1218 741 1294 terrente,
764 1237 824 1282 noo
849 1237 918 1284 vere
934 1217 1025 1282 illurn
1041 1218 1173 1300 quidem,
1197 1236 1293 1300 neque

230 1326 289 1408 pie,
324 1324 379 1390 sed
411 1325 516 1392 tamen
549 1324 712 1406 purissimo
741 1343 881 1392 sermone
901 1325 1074 1407 loquentem
1096 1325 1184 1392 tanto
1206 1343 1293 1407 opere

226 1431 434 1510 commendat,
463 1449 538 1495 num
561 1450 614 1496 nos
637 1431 818 1508 christianos
841 1431 954 1514 poetas,
986 1449 1094 1514 eosque
1117 1432 1148 1498 et
1171 1450 1243 1498 vere
1263 1433 1294 1501 et

232 1540 281 1622 pie
313 1539 350 1604 de
384 1539 474 1602 rebus
508 1537 635 1604 maximi
668 1539 815 1614 momenti
847 1539 1039 1616 disserentes,
1073 1538 1161 1606 teoto
1183 1539 1293 1606 honore

233 1646 355 1711 omnino
378 1644 521 1729 indignos
544 1643 760 1727 putabimus?

339 1752 447 1834 Neque
470 1751 503 1816 io
526 1751 666 1816 omnibus
690 1751 835 1821 audiendi
851 1753 924 1818 sunt
945 1752 977 1832 ii,
1001 1753 1053 1836 qui
1069 1751 1143 1822 solis
1164 1754 1294 1838 paganis

233 1859 396 1942 imperium
419 1859 451 1922 in
475 1858 586 1924 scholis
601 1857 801 1938 vindicantes,
826 1857 1014 1927 Christianos
1037 1859 1105 1926 ideo
1120 1877 1294 1945 expungen-

234 1965 286 2032 dos
300 1965 429 2054 putant,
454 1965 532 2048 quod
551 1966 697 2048 incompti
721 1965 785 2058 sint
806 1965 1027 2057 etuleriquod
1041 1965 1202 2056 leporibus,
1227 1968 1295 2050 qut»

233 2073 289 2141 bus
312 2072 361 2136 illi
384 2073 540 2146 abundent
570 2071 747 2154 saepissime
777 2074 915 2153 careant,
948 2073 1027 2156 quod
1049 2056 1294 2148 numericorum

234 2179 418 2258 claudicent,
441 2181 598 2262 perspicua
613 2179 749 2244 brevitas
765 2179 970 2246 desideretur:
994 2163 1069 2246 baec
1089 2181 1182 2249 euim·
1194 2182 1295 2256 omnio

235 2286 334 2368 specie
356 2285 486 2368 quadam
510 2286 649 2352 veritatis
672 2286 783 2368 potius,
807 2305 900 2368 quam
920 2287 987 2370 ipsa
1011 2287 1149 2366 veritate
1162 2288 1294 2358 fulciun-

234 2394 295 2471 tur,
319 2391 458 2474 quamuis
481 2411 569 2474 saepe
591 2411 645 2474 pro
667 2391 748 2459 reris
770 2392 983 2466 venditentur:
1006 2413 1066 2460 non
1089 2394 1169 2460 enim
1193 2414 1294 2478 quem-

234 2500 319 2582 piam
343 2499 380 2562 de
410 2497 502 2564 trivio
533 2500 690 2582 arreptum
720 2499 886 2584 legendum
908 2501 1110 2583 postulamus,
1142 2503 1195 2568 sed
1218 2501 1297 2586 epti-

236 2625 320 2684 mum
345 2624 492 2688 quemque
516 2606 547 2670 et
569 2605 804 2691 grauissimum,
835 2607 868 2672 in
891 2606 1003 2688 quibus
1026 2607 1116 2680 facile
1139 2607 1297 2674 inveniere

235 2714 287 2790 tur
309 2712 458 2790 nonnulli,
494 2714 556 2794 qui,
590 2714 760 2796 temporum
794 2713 911 2788 ratione
945 2713 1061 2793 habita,
1092 2714 1297 2786 celeberrimis

238 2818 433 2902 antiquitatis
470 2819 668 2902 scriptoribus
707 2820 801 2904 digne
828 2822 1023 2891 annumerari
1052 2821 1170 2903 possint
1198 2822 1229 2893 et
1250 2841 1299 2886 re-

237 2945 308 2996 uera
331 2927 523 3004 annumerati
545 2928 626 3000 sunt.

345 3035 429 3100 Hace
452 3035 520 3100 ideo
543 3035 769 3117 praemittenda
791 3035 992 3117 putabamus,
1019 3032 1296 3109 denumerem,

238 3141 273 3216 ut
296 3159 344 3209 ne·
368 3140 442 3222 quid
475 3140 678 3224 praejudicati
711 3141 772 3206 huc
804 3142 931 3213 afferens
965 3139 1126 3207 consilium
1160 3139 1297 3204 nostrum

238 3247 481 3330 impubesque
512 3247 665 3327 commoti,
700 3249 923 3316 obseruationes
958 3245 1106 3331 quasdam
1130 3247 1168 3312 de
1191 3244 1299 3313 Aureli

238 3353 388 3418 Prudenti
410 3352 576 3420 Clementis
598 3374 710 3439 genere
732 3355 854 3425 dicendi
875 3355 1097 3422 communicare
1111 3354 1214 3420 tecum
1238 3353 1300 3418 sta·

237 3459 363 3528 trimus.
397 3497 437 3506 -
469 3461 560 3526 Hunc
589 3462 671 3528 enim
701 3462 831 3528 maxime
859 3461 1003 3531 idoneum
1025 3462 1221 3544 putabamus,
1243 3477 1301 3540 quo

238 3565 348 3632 melius
384 3566 505 3650 cognito
539 3567 783 3637 adversariorum
817 3569 1001 3652 argumenta
1034 3568 1227 3648 rationesque
1254 3583 1301 3632 re·

241 3672 390 3736 fellantur
413 3673 444 3736 et
467 3673 670 3740 confutentur.
695 3676 840 3744 Erasmus
857 3673 938 3740 enim'
961 3673 1182 3745 Roterodaruus
1210 3669 1302 3749 ,Pio-

240 3778 348 3842 darum
374 3780 564 3867 nostrum“²)
600 3781 712 3865 Caspar
745 3780 893 3846 Bartbius
932 3780 1089 3860 ,divinum
1111 3778 1297 3843 Pindarum“

346 3920 373 3986 2)
393 3921 421 3974 in
440 3923 629 3978 commentario
648 3921 682 3979 ad
695 3921 773 3978 Ceth.
794 3921 834 3976 XI
852 3937 877 3990 p.
896 3921 950 3978 458
969 3919 1085 3978 editioni
1101 3917 1233 3976 Prudermi
1251 3917 1303 3972 Ba·

240 4007 348 4064 sileensi
368 4009 438 4064 1562
456 4008 557 4066 addito.
