3042 4704
678 340 900 412 ...80-

258 528 414 607 Arelas,
437 525 499 592 atis
530 525 616 610 (urbs
639 523 761 590 Galliae
783 522 980 590 narbonensis
1013 543 1067 607 pro
1090 524 1232 604 Arelate3
1263 527 1319 593 eir.

366 631 481 699 huson.
505 631 539 696 in
561 631 635 697 clar.
659 631 716 696 urb
740 631 771 709 8,
796 630 841 715 2.)
863 630 974 696 Perist.
999 631 1053 710 IV,
1078 631 1153 697 35.-

258 742 398 827 Synna,
428 759 464 805 ae
494 739 581 821 (urbs
604 736 768 822 Phrygiae,
792 736 946 819 lapidibus
969 738 1062 819 clara,
1089 758 1142 821 pro
1166 738 1319 825 Synnada,

363 866 399 912 ae
422 847 472 913 vel
495 845 647 930 Synnada,
672 843 771 930 orum)
799 841 882 928 Sym.
905 845 947 924 ΙΙ,
972 846 1046 910 247.

363 954 432 1018 Duo
454 953 578 1018 nomina
601 947 732 1029 urbium,
768 966 844 1034 qnae
866 951 975 1016 neutra
999 951 1214 1018 terminatione
1238 953 1321 1019 finiri

258 1060 366 1140 solent,
403 1059 597 1144 ,Saguntum‘
632 1058 664 1123 et
697 1054 885 1138 ,Tarentum‘
912 1057 1098 1124 Prudentius
1123 1059 1157 1124 in
1181 1067 1235 1137 ,us‘
1258 1062 1321 1127 tor·

257 1165 391 1233 minavit

258 1273 473 1358 Saguntos,
497 1272 509 1337 i
531 1272 642 1351 Porist,
666 1270 720 1351 IV,
748 1272 820 1337 100.

539 1428 547 1444 .
572 1428 579 1443 .
605 1429 612 1444 .
638 1427 645 1444 .
668 1392 760 1462 prope
782 1375 859 1443 litus
881 1377 963 1444 altae
986 1378 1066 1444 forte
1088 1379 1231 1465 Sagunti.

258 1485 468 1565 Tarentus,
492 1486 504 1550 i
527 1485 610 1570 Sym.
634 1483 675 1563 ΙΙ,
702 1481 830 1569 74811).

364 1641 372 1657 .
398 1643 405 1658 .
431 1643 438 1658 .
463 1592 517 1658 sed
539 1591 620 1657 invit
641 1609 768 1656 amoena
791 1590 951 1656 Tarentus.

257 1697 427 1784 Thybris
448 1716 502 1782 pro
525 1697 645 1762 Tiberis
667 1696 783 1780 legitur
806 1697 917 1761 Perist.
940 1697 1012 1775 XII,
1037 1698 1089 1763 29.

368 1805 500 1885 ,dividit
525 1823 592 1870 ossa
616 1803 727 1869 duum
751 1799 920 1886 Thybris
943 1821 1029 1868 sacer
1053 1853 1059 1867 .
1085 1853 1092 1869 .
1120 1859 1125 1871 .
1152 1854 1160 1869 .

365 1912 454 1996 (Gen.
471 1911 609 1992 ,Tibris‘
632 1910 713 1996 Sym.
725 1910 766 1988 ΙΙ,
779 1911 854 1974 938.
868 1909 974 1975 Vocat.
996 1910 1135 1988 ,Tibris“
1150 1912 1217 1978 ibid
1230 1914 1319 1999 871).

258 2018 477 2086 Garamans
512 2019 594 2104 Sym.
619 2019 661 2097 ΙΙ,
694 2019 758 2082 809
790 2016 899 2099 optimi
928 2015 1047 2082 codices
1082 2018 1231 2098 exhibent,
1266 2038 1321 2102 pro

364 2125 530 2204 Garamam
562 2124 671 2208 regula
701 2124 783 2189 onim
806 2124 869 2202 cst,
903 2123 939 2187 ut
972 2142 1101 2206 graecae
1135 2125 1253 2192 radices
1287 2128 1320 2192 in

364 2233 438 2312 ,ant‘
462 2233 494 2297 et
528 2234 600 2311 ,ent‘
631 2231 802 2296 desinentes
831 2231 914 2295 recto
936 2247 1008 2296 casu
1030 2231 1102 2296 ante
1127 2237 1162 2311 ,s‘
1186 2237 1226 2311 ,n‘
1250 2252 1319 2298 curn

364 2341 397 2417 ,t‘
420 2337 567 2421 perdant;
591 2337 626 2401 nt
649 2337 760 2420 ,gigas‘
785 2335 928 2418 ,elephas‘
955 2335 1170 2420 ,barchaeus

257 2444 407 2530 Cybebe
440 2463 494 2527 pro
517 2443 629 2528 Cybele
651 2439 769 2527 poetico
798 2462 881 2509 more
911 2445 1045 2527 positum
1068 2441 1182 2530 legitur
1204 2440 1314 2509 Perist.

364 2551 403 2629 X,
430 2552 503 2616 196.
970 2619 972 2624 .

257 2657 454 2742 Gorgona,
489 2676 526 2722 ae
560 2656 684 2742 (Phorci
717 2656 785 2723 iilia
818 2656 946 2724 Medusa
981 2655 1097 2746 Γοργώ)
1130 2676 1184 2742 pro
1217 2657 1317 2742 Gorgo

362 2765 465 2829 Perist
490 2764 530 2844 X,
554 2765 628 2830 278.

257 2870 444 2955 Gergesdi
466 2891 520 2954 pro
544 2871 708 2955 Gergesani
738 2871 946 2960 (Γεργεσηνοι)
966 2873 1058 2940 Ham.
1083 2874 1158 2939 413.

257 2976 473 3044 Larentina
496 2997 550 3060 pro
572 2977 717 3042 Larentia
739 2978 821 3063 Sym.
846 2978 887 3057 II,
912 2980 987 3046 563.

363 3085 482 3150 Nomen
510 3084 569 3148 tilii
593 3084 703 3160 David,
728 3085 806 3166 quod
838 3087 870 3148 in
894 3084 1022 3169 vulgata
1052 3085 1116 3151 divi
1138 3083 1318 3170 Hieronymi

256 3189 393 3255 versione
417 3190 584 3269 ,Absalom‘
609 3191 755 3256 scribitur
778 3191 846 3274 (cfr.
871 3191 993 3276 Regum
1016 3191 1056 3270 II,
1084 3193 1135 3270 13,
1162 3192 1193 3276 l)
1216 3192 1318 3256 noster

257 3296 496 3377 ,Abessalon‘
521 3297 595 3364 iecit
618 3298 774 3382 (graecam
790 3298 911 3363 secutus
934 3297 1019 3363 LXX
1034 3297 1203 3364 versionem
1219 3302 1317 3381 Αβεσ-

362 3397 487 3488 wusu)
510 3401 592 3468 nam
617 3403 700 3469 oca:

367 3511 429 3591 ,Ut
449 3509 559 3595 genuit
580 3509 693 3589 David,
717 3509 795 3576 alias
818 3512 904 3594 pater
927 3513 1070 3595 optimus,
1094 3531 1188 3578 unum

362 3617 479 3683 crimen
500 3616 687 3683 Abessalom‘
716 3666 723 3681 .
748 3665 757 3681 .
782 3666 791 3683 .
816 3667 823 3682 .
847 3618 903 3684 cfr.
928 3638 1005 3684 vers.
1030 3620 1105 3685 577.

255 3725 466 3812 Ambacum
489 3743 542 3807 pro
565 3722 719 3803 Habaono,
744 3722 831 3793 (iath
855 3725 910 3804 1v,
934 3726 987 3791 59.

361 3971 407 4041 36)
426 3971 472 4026 cfr.
491 3972 566 4027 Nona
585 3971 602 4026 1.
622 3973 639 4028 l.
660 3972 682 4029 1.
701 3985 762 4044 pag.
783 3973 843 4030 658.

361 4061 406 4132 31)
424 4056 500 4118 Neue
524 4061 590 4120 ibid.
607 4073 669 4133 pag.
689 4065 748 4120 148.
