3042 4704
616 341 837 406 „12-

197 515 429 585 4111111111
456 537 542 585 sacra
567 519 717 604 gentium,
759 547 762 550 ·

275 625 387 703 labem,
406 617 513 704 Roma,
525 625 588 692 tuis
599 625 714 691 inferat
729 626 829 707 idolis,
853 645 986 693 carmem
1001 627 1188 712 martyribus
1205 626 1258 692 de·

276 733 392 810 voveat,
428 732 533 797 laudet
566 733 724 816 apostolos.

199 837 278 906 Sunt
300 838 402 904 autem
426 839 460 902 hi

307 963 336 1028 1.
372 961 675 1032 Cathemerinon
709 965 797 1047 liber,
828 968 880 1051 qui
920 967 1077 1032 duodecim
1111 967 1257 1045 carmina,

198 1068 282 1134 vario
306 1069 474 1134 metrorum
498 1091 609 1156 genere
633 1075 813 1156 conscripta,
837 1075 887 1140 rel
910 1074 1041 1158 singulis
1061 1059 1134 1137 diei
1163 1074 1259 1155 parti·

197 1175 264 1254 bus,
288 1175 381 1260 (undo
404 1175 625 1266 καθημερινῶν
647 1181 727 1247 liber
755 1180 869 1265 dictus)
893 1181 941 1246 vol
965 1180 1053 1245 festis
1076 1180 1259 1262 quibusdam

197 1281 304 1347 diebus
328 1285 567 1366 accommodata,
584 1287 728 1352 continet.

305 1391 335 1453 2.
360 1389 602 1472 Apotheosis
626 1389 882 1482 (Ἄποθέωσις
905 1413 1008 1460 vocem
1040 1394 1119 1458 hanc
1142 1395 1259 1476 primus

198 1565 222 1601 v.
243 1550 259 1602 6
280 1548 360 1624 „quid
388 1566 435 1604 nos
463 1551 532 1604 utile
559 1553 632 1606 tanti
660 1555 748 1622 spatio
775 1554 903 1622 temporis
930 1552 1071 1621 egimus?“
1101 1551 1260 1622 respondere

198 1637 354 1692 enarrandis
373 1639 416 1702 iis,
436 1655 503 1708 quae
527 1643 586 1694 toto
611 1641 684 1696 vitae
703 1643 792 1711 spatio
811 1643 934 1711 gesserit,
954 1657 1007 1694 non
1026 1647 1093 1710 quae
1112 1640 1150 1694 sit
1168 1642 1260 1708 gestu-

199 1743 251 1780 rus.
270 1725 381 1781 Accedit
401 1727 470 1796 quod
488 1732 576 1796 poeta,
596 1730 885 1794 cuiinstatterminus,
906 1734 933 1784 et
949 1729 1036 1794 „diem
1049 1729 1167 1782 vicinum
1186 1729 1260 1782 senio
1358 1783 1360 1789 A

196 1814 253 1884 jam
272 1815 344 1868 Deus
362 1816 495 1884 applicat“
516 1818 621 1872 ultimis
640 1820 768 1884 versibus,
787 1820 871 1874 fessus
890 1816 1086 1889 quodammodo
1110 1817 1184 1870 vitae
1203 1819 1261 1870 tae·

197 1902 243 1959 dio
261 1903 358 1960 addat:

114 1995 119 2004 '
357 2013 381 2050 v.
400 1997 436 2052 43
457 1997 537 2060 „haec
555 1997 618 2052 dum
636 1998 721 2052 scribo
741 1999 784 2052 vel
803 1987 911 2067 eloquor

359 2085 471 2147 „vinclis
489 2103 504 2139 o
523 2087 628 2140 utinam
647 2087 763 2156 corporis
782 2087 891 2142 emicem

360 2174 444 2236 „libor
464 2215 579 2231 .....

198 2261 262 2316 haec
281 2263 352 2316 enim
370 2263 428 2317 luce
457 2264 553 2318 clarius
581 2265 727 2319 ostendunt
757 2265 867 2318 minime
896 2263 1074 2317 Prudentium
1099 2261 1260 2318 adtentum
1330 2325 1333 2331 Δ

198 2365 263 2420 opus
281 2350 492 2420 aggrediendum
518 2368 574 2406 sese
602 2353 749 2421 accingere,
777 2352 823 2406 sed
841 2353 930 2421 potius
949 2355 1079 2421 tanquam
1098 2352 1260 2406 christianae

198 2439 271 2493 ritae
290 2440 434 2509 stipendiis
452 2439 575 2494 functum
596 2440 721 2504 „dissolvi
740 2458 833 2510 cupere
853 2443 881 2494 ot
898 2457 954 2496 esse
968 2457 1025 2494 cum
1039 2439 1173 2496 Christo“.
1193 2439 1261 2493 Tum

199 2529 283 2582 etiam
302 2545 333 2583 er
352 2529 429 2584 libris
448 2533 542 2584 contra
562 2530 748 2599 Symmachum
768 2530 876 2599 scriptis
894 2528 974 2584 facile
987 2530 1079 2598 colligi
1097 2533 1187 2600 potest
1206 2546 1261 2584 eos-

198 2615 258 2672 dem
277 2621 341 2673 ante
360 2635 460 2673 annmn
477 2620 531 2674 405
549 2620 711 2688 conscriptos
729 2635 795 2684 esse,
814 2618 884 2674 libro
902 2619 974 2673 enim
992 2619 1022 2673 II
1040 2637 1065 2674 v.
1085 2620 1136 2674 896

361 2709 497 2771 „tentavit
515 2709 620 2776 geticus
639 2725 744 2778 nuper
763 2708 851 2763 delere
870 2710 1002 2778 tyrannus

357 2797 468 2850 ltaliam
487 2838 599 2851 .....

199 2883 300 2939 Alarici
328 2885 483 2940 Pollentina
512 2889 540 2940 ct
568 2885 729 2942 Veronensis
757 2887 845 2942 clades
872 2887 1020 2952 indicatur,
1049 2885 1175 2956 laetaque
1202 2889 1263 2956 post

199 2977 307 3028 tantam
333 2975 475 3029 victoriam
493 2979 523 3030 ct
541 2976 677 3030 exsultans
701 2977 785 3030 Roma
804 2976 981 3031 fortissimum
1000 2975 1145 3044 principem
1164 2973 1261 3028 trium·

198 3063 305 3131 phalam
323 3079 429 3118 cursum
447 3064 571 3119 scandere
594 3064 687 3133 jubet;
712 3065 804 3119 eodem
830 3065 900 3119 libro
928 3064 990 3118 inde
1009 3080 1025 3116 a
1044 3080 1067 3115 v.
1090 3063 1159 3116 1114
1176 3077 1260 3130 usquo

198 3151 233 3205 ad
252 3169 276 3207 v.
297 3154 367 3208 1132
379 3152 437 3221 (cfr.
457 3153 479 3217 1,
499 3155 552 3208 379
565 3154 633 3224 sqq.)
646 3157 707 3208 orat
718 3154 875 3217 Honorium‚
894 3155 927 3206 ut
939 3151 1015 3206 ludos
1027 3148 1212 3220 gladiatorios.
1231 3149 1260 3201 in

198 3241 296 3295 Martis
314 3244 342 3296 et
360 3243 471 3296 Saturni
490 3242 614 3298 honorem
640 3260 722 3313 usque
745 3243 780 3298 ad
803 3242 871 3300 illud
898 3245 1003 3309 tempus
1031 3239 1142 3293 institui
1166 3238 1261 3292 solitos

199 3331 280 3384 tollat
299 3334 435 3400 vetatque,
455 3332 550 3401 quibus
576 3332 697 3400 precibus
722 3331 779 3401 jam
798 3348 868 3385 anno
886 3331 939 3386 404
957 3330 1113 3384 obsecutum
1132 3343 1188 3382 esse
1208 3327 1261 3381 Ho-

199 3421 303 3474 norium
330 3420 469 3489 colligitur
497 3438 527 3474 er
555 3421 721 3476 Theodoreto
749 3422 780 3476 V.
801 3423 842 3476 26.
872 3421 994 3490 Denique
1020 3434 1097 3473 nemo
1116 3421 1168 3482 est,
1196 3417 1261 3487 quin

198 3509 354 3573 Prudentia
374 3511 567 3580 praefationem
580 3510 649 3564 hanc
667 3509 795 3564 scribenti
813 3510 904 3564 omnia
923 3525 970 3564 sua
984 3525 1070 3578 opera,
1085 3507 1174 3561 forsan
1193 3510 1261 3560 tem-

198 3615 299 3670 pomm‚
319 3600 417 3669 quibus
435 3599 557 3670 quodque
581 3601 710 3670 scriptum
733 3599 770 3652 sit
789 3600 856 3652 serie
875 3598 1025 3662 observata,
1045 3598 1078 3651 ob
1097 3597 1185 3651 oculos
1205 3610 1261 3646 ver-

199 3691 259 3744 sata
278 3705 334 3742 esse
353 3687 452 3742 videat.
472 3689 504 3742 In
523 3689 638 3742 similem
659 3704 774 3741 errorem
792 3686 890 3741 incidit
909 3687 951 3740 vir
969 3686 1139 3740 doctissimus
1169 3683 1194 3737 J.
1214 3681 1261 3735 Al·

199 3794 248 3847 zog
266 3778 295 3831 in
314 3778 429 3832 historia
446 3778 614 3847 patrologiae
633 3778 774 3847 pag..4ll,
793 3777 839 3830 1⁵⁴³
857 3775 897 3830 ed.
915 3774 1060 3828 Nobiscum
1078 3775 1139 3842 agit
1155 3773 1261 3841 praeter

199 3867 266 3920 alios
285 3867 317 3921 cl.
337 3866 440 3920 Teuffel
458 3868 486 3920 in
508 3866 682 3930 „Geschichte
711 3865 757 3919 der
785 3865 944 3918 Rbmischen
972 3864 1133 3917 Litteratnr.
1162 3861 1262 3915 Zwoite

199 3955 311 4025 Aullage
330 3955 442 4025 Leipzig
461 3957 530 4010 1872
556 3972 619 4025 pag.
647 3956 707 4010 994.
737 3954 799 4018 „Ala
826 3971 854 4008 er
873 3955 907 4007 57
926 3953 950 4007 J.
964 3953 1005 4007 alt
1032 3968 1088 4006 war
1106 3951 1168 4020 (pri.
1197 3949 1261 4018 1111

199 4070 235 4094 z
253 4044 278 4100 J.
297 4045 351 4102 405
370 4043 433 4113 gab
451 4059 486 4098 er
504 4043 556 4100 die
576 4045 648 4100 Sam
660 4045 776 4112 mlung
796 4043 912 4098 seiner
930 4040 1096 4096 Gedichto
1114 4040 1260 4095 heraus“.
