3042 4704
677 312 898 378 ...71-

365 491 520 574 „villaque
539 489 638 558 flavus
659 507 751 574 quam
774 487 896 556 Tiberis
918 489 1041 556 lavit*

255 619 315 684 qua
337 599 435 664 forma
458 597 532 663 Hor.
556 595 670 680 ubique
684 595 718 661 in
740 594 846 678 lyriois
860 594 969 660 utitur.

360 705 452 770 Verbi
479 724 509 787 q.
544 721 570 769 e.
601 721 768 786 persono
800 701 1324 785 peri.oot.formampereonavi

255 831 308 897 pro
330 847 374 860 --
396 810 435 878 ui
457 808 688 876 observavimus
711 808 793 891 mpii.
826 810 890 874 34:

365 916 503 1002 „juvabit
518 935 569 982 ore
584 933 822 999 personasse
845 913 1020 982 Christum*

359 1022 562 1104 Partioipiom
588 1021 716 1104 perfecti
746 1020 861 1104 passivi
882 1040 935 1104 pro
959 1021 1085 1106 uulgato
1118 1019 1319 1105 ,morepitus“

255 1129 428 1213 inorepatus
450 1128 534 1195 feeit.
552 1127 639 1194 Catio.
664 1128 735 1207 VII,
762 1128 843 1194 195:
993 1205 999 1220 ,

371 1236 442 1315 „sed
472 1235 683 1319 increpata
706 1235 814 1300 froude
836 1236 906 1319 post
919 1236 1044 1320 tergum
1066 1235 1158 1301 ruit*

255 1342 340 1408 Neue
363 1342 406 1436 ΙΙ,
420 1361 491 1428 pag.
516 1344 592 1408 369.
627 1343 702 1408 baeo
741 1341 866 1407 eeribite
927 1341 1015 1421 „Wie
1048 1342 1154 1424 oropui
1186 1360 1219 1407 so
1245 1342 1324 1408 anob

254 1451 429 1532 eonorepui,
465 1448 627 1532 disorepui‚
662 1447 810 1530 inorepui.
848 1448 935 1514 Dooh
967 1447 1115 1513 Pnudent.
1151 1447 1322 1531 Peristephr

253 1555 292 1635 X,
319 1557 398 1622 760:
434 1556 675 1638 „orepasseus
703 1555 835 1621 -sine
870 1554 963 1620 dubio
999 1553 1110 1620 Heiusi
1140 1554 1323 1622 auotoritete

253 1663 432 1741 eommotus‚
445 1681 537 1745 quem
560 1660 713 1728 (isidorius
726 1663 758 1728 et
781 1660 933 1728 Obberius
957 1660 1055 1728 secuti
1077 1661 1159 1740 eunt,
1188 1660 1323 1727 noudum

252 1770 358 1834 tamen
374 1769 471 1834 totam
498 1769 588 1833 litem
611 1768 780 1834 obtinuisse
802 1767 881 1832 mihi
903 1767 1056 1834 videntur.
1102 1766 1235 1834 Puteaui
1256 1765 1324 1850 quis

254 1874 325 1938 dem
347 1873 460 1938 oodiois
477 1874 561 1956 (inde
585 1893 603 1938 a
626 1873 737 1938 Perist.
764 1873 802 1951 V,
825 1893 854 1938 v.
875 1874 947 1938 142.
972 1889 1067 1954 usque
1081 1871 1121 1936 ad
1155 1871 1247 1938 finem
1285 1872 1324 1938 li·

256 1979 572 2065 briPeristephanon)
597 1981 732 2046 extrema
755 1998 826 2061 pars
861 1977 971 2044 misere
994 1977 1141 2061 deperiii3
1165 1978 1198 2043 in
1220 1979 1324 2045 Ratis·

258 2069 386 2152 bonensi
416 2086 491 2169 quid
514 2087 672 2152 exaratum
702 2085 798 2151 fuerit
812 2085 892 2168 apud
912 2084 1103 2152 Dresselium
1119 2105 1179 2150 nou
1209 2085 1322 2165 inveni,

253 2193 305 2275 qui
339 2193 475 2276 proxime
497 2194 546 2258 his
569 2192 718 2259 aooedunt
740 2192 886 2258 Laurent.
911 2191 1004 2276 Prog.
1029 2190 1118 2258 Alex.
1144 2190 1195 2280 (a)
1220 2191 1321 2259 Vatia.

210 2299 212 2308 ’
254 2279 325 2368 (ru),
342 2282 484 2347 nonnulli
507 2281 562 2347 aiii
583 2281 862 2360 ‚cremassenu
890 2280 1049 2358 exhibent:

417 2388 560 2468 ,videbat
582 2388 664 2471 ipsos
686 2388 852 2471 apparatus
874 2387 1018 2454 funerum

413 2513 689 2577 praesenseuorum
705 2513 761 2560 neo
783 2493 964 2563 movebatur
986 2511 1107 2574 parens,

412 2601 527 2668 laetata
551 2602 690 2683 quotiens
713 2600 768 2666 aut
801 2600 882 2669 oliuo
905 2599 1038 2676 stridula

413 2707 535 2790 sartago
557 2707 671 2779 frixum
692 2705 854 2778 torruisset
871 2707 1030 2790 puberum,

413 2811 482 2885 dira
496 2813 552 2878 aut
574 2813 792 2890 cremasset
814 2812 1002 2878 laminarum
1025 2812 1214 2897 impressio.⁸

253 2917 284 2986 et
305 2919 388 2986 reote
410 2917 544 3002 quidem,
568 2939 640 2989 nam
664 2920 829 2996 candentes
852 2919 986 2996 laminae
1010 2919 1127 3002 oorpori
1156 2918 1321 3002 impressae

251 3043 311 3092 non
335 3027 480 3108 ,erepant‘
498 3025 551 3098 sod
575 3027 787 3106 ,oremaut‘‚
805 3027 836 3094 et
858 3025 898 3091 ad
914 3025 1143 3109 exprimendam
1160 3025 1229 3104 duri
1252 3045 1321 3094 oru-

251 3130 350 3202 oiutus
373 3132 600 3204 vehementiam
622 3133 748 3218 majoris
778 3133 914 3217 profecto
941 3133 1090 3204 momenti
1117 3134 1184 3200 erat
1206 3132 1320 3202 deseri·
1429 3175 1432 3184 Δ

252 3239 335 3313 bere,
376 3240 524 3322 quomodo
545 3241 780 3324 „decoqueretur
817 3240 957 3318 exustum
984 3240 1086 3318 latus*
1125 3240 1249 3326 (Perist.
1277 3239 1319 3320 ΙΙ,

254 3341 347 3430 398.)
372 3363 464 3426 quarn
489 3347 637 3428 quomodo
655 3347 1019 3430 „laminaeoreparent“,
1043 3383 1085 3396 -
1101 3365 1232 3431 sanoque
1254 3365 1320 3414 ma·

249 3450 325 3533 iore,
349 3450 541 3520 adficiebatur
564 3452 666 3523 dolore
700 3455 800 3528 mater
822 3453 920 3530 filium
963 3454 1176 3523 oromatum
1202 3454 1319 3537 videus,

201 3545 203 3551 ’
250 3575 343 3641 quam
366 3555 552 3630 laminarum
569 3558 719 3643 crepitum
743 3560 881 3634 audiens.
900 3598 941 3610 -

360 3661 457 3729 Verbi
471 3662 616 3738 defectivi
631 3685 659 3748 q.
677 3685 702 3740 e.
719 3667 820 3746 ,fari‘
836 3667 893 3744 bae
908 3665 989 3751 apud
1001 3666 1053 3735 Pr.
1099 3668 1247 3754 leguntur
1254 3669 1319 3739 ior·

251 3788 334 3836 moe:
348 3769 460 3842 Perist.
484 3769 539 3850 vi.
563 3771 626 3838 43:
647 3772 740 3852 „haee
763 3774 779 3838 f
783 3773 871 3844 auti
885 3773 1024 3856 piaaidus
1040 3773 1135 3850 refert
1143 3775 1317 3856 superbos,

251 3873 318 3946 ibid
340 3873 380 3957 X,
405 3876 486 3944 924:
516 3877 665 3956 ‚effare
681 3879 835 3963 quiduis,

252 3977 318 4052 ibid
339 3981 381 4062 11,
405 3984 488 4056 35⁷:
517 3983 943 4072 „narrentanorum
