3042 4704
670 329 891 398 ..53-

352 509 528 576 Ocmmunis
544 511 667 594 generis
681 511 757 576 hacc
772 509 855 593 apud
869 510 1074 576 Prudentium
1086 511 1159 576 sunt
1172 511 1310 576 numina:

244 619 402 703 auriga,
426 636 461 682 ae
496 617 606 701 Psych.
630 617 713 682 413:
742 617 858 694 „ierim
881 616 1024 700 resupina
1046 617 1182 684 reductis
1204 617 1311 701 nequi·

351 743 444 807 qnam
466 723 576 808 auriga
598 723 673 790 loris
698 775 705 789 .
731 775 737 788 .
764 773 771 788 .
798 729 824 789 ‚⁸
852 725 907 790 cir.
931 725 1018 790 Neua
1040 721 1055 788 I
1078 743 1150 809 pag.
1175 725 1249 790 629.

244 850 383 911 comcs,
407 830 518 916 Psycb.
543 831 626 898 268:
655 829 734 908 „fida
757 837 874 896 comas“

244 938 386 1017 hostis,
410 938 520 1023 Psych.
546 939 626 1004 280:
678 991 681 1000 ,
802 1003 805 1010 ,

355 1045 429 1123 „illa
452 1045 644 1110 cruentatam
667 1045 813 1128 correptis
836 1043 972 1111 crinibus
995 1044 1132 1111 hostum·

244 1171 360 1237 equus
383 1151 494 1236 Psych.
519 1152 599 1218 270:
628 1152 726 1230 „hunc
749 1171 839 1235 equas
863 1152 919 1216 illa
942 1150 1062 1217 dolum*

246 1259 393 1337 incula,
417 1257 509 1322 Ham.
535 1259 616 1323 942:
645 1259 803 1342 „corrupta
819 1257 919 1324 incola
939 1258 1029 1322 luru“
1058 1257 1159 1340 (Neue
1181 1258 1206 1335 1,
1231 1259 1310 1342 630)

248 1365 411 1450 martyr,
434 1364 546 1430 Perist.
575 1362 632 1443 ΠῘ,
659 1366 731 1430 122.

250 1469 375 1553 pudes,
397 1471 507 1556 Psych.
532 1472 595 1536 321
625 1491 702 1550 „non
724 1472 828 1538 tamen
851 1470 908 1536 illa
930 1471 1039 1554 pedes·
1067 1507 1110 1518 -

247 1576 443 1657 ‚Succuba‘
478 1578 589 1644 Perist.
624 1577 664 1657 X,
691 1579 763 1644 199.
807 1578 1020 1657 „fl01·uleutus“
1060 1578 1183 1657 dicitur,
1218 1597 1310 1663 quam

350 1703 454 1752 vocem
477 1704 532 1768 prc
559 1685 738 1763 „cinaedum
766 1684 899 1768 scripsit,
926 1685 1137 1770 Hyacinthum
1160 1686 1199 1750 ab
1214 1685 1309 1768 Apol·

349 1791 413 1856 line
435 1791 584 1858 violatum
613 1791 786 1877 designans.

616 2059 935 2072 n*—

544 2303 548 2312 ·
684 2277 783 2384 Cap.
816 2277 866 2360 V.

525 2468 569 2537 bc
592 2468 773 2538 numinibus
796 2468 1025 2537 numeralibus.

350 2650 378 2712 1.
403 2646 571 2712 Numerulc
594 2666 622 2729 q.
640 2665 665 2710 c.
691 2645 903 2729 quadrans,
927 2666 955 2726 a,
979 2665 1032 2713 um
1055 2677 1096 2702 =
1119 2647 1307 2732 quadruplex

241 2754 351 2840 Psych.
376 2755 472 2820 843..
499 2804 506 2818 .
533 2803 539 2816 .
568 2772 675 2836 „quam
707 2772 829 2836 corpora
852 2753 916 2819 totu
940 2751 1078 2836 quadrua
1096 2754 1144 2819 vis
1167 2755 1302 2820 animat“

241 2861 321 2943 apud
345 2860 421 2926 alios
444 2860 606 2942 scriptores
622 2879 682 2924 non
704 2859 820 2943 legitur
843 2858 903 2924 nisi
927 2859 1007 2941 apud
1024 2858 1193 2925 Ausonium
1216 2861 1304 2945 idyli.

244 2969 293 3033 14.
321 2968 370 3034 15.
399 2966 554 3051 „quadrua
569 2965 730 3048 compita*

347 3073 531 3141 Genetivum
547 3071 680 3138 numinis
695 3071 862 3137 numeralis
878 3089 906 3155 q.
924 3090 949 3136 e.
968 3072 1046 3152 ‚duo‘
1067 3073 1201 3150 ‚duum‘
1220 3072 1305 3139 iecit.

241 3180 351 3246 Purist.
375 3181 446 3260 XII,
470 3181 534 3245 29:

353 3285 483 3362 „dividit
504 3305 572 3353 ossa
596 3286 690 3352 duum
713 3284 844 3372 Thybris
867 3293 981 3353 sacar.¹¹

243 3388 413 3475 (ducrum
435 3393 527 3458 Ham.
551 3394 646 3478 praui.
671 3393 757 3478 45.);
781 3393 916 3478 ejusdam
940 3394 1071 3460 nominis
1094 3395 1304 3461 accusativum
1407 3387 1417 3408 ⁸

241 3516 346 3564 casum
373 3499 541 3566 masculina
563 3518 674 3586 genera
697 3518 750 3582 per
774 3505 810 3580 ‚0‘
835 3500 919 3566 iecit.

238 3603 352 3688 Apcth.
379 3606 460 3672 706:
511 3655 537 3684 „.
563 3657 570 3670 .
596 3655 603 3670 .
630 3657 636 3671 .
660 3623 753 3689 panca
773 3607 863 3690 jubet
886 3617 914 3669 ct
932 3612 985 3668 duc
1010 3607 1135 3690 pisces.“

236 3709 311 3778 ibid.
354 3713 456 3778 1005:
508 3712 665 3795 „septenos
682 3712 782 3778 decies
808 3714 984 3780 conscendit
1000 3711 1140 3778 Christus
1163 3713 1196 3778 in
1220 3714 1303 3778 ortus

504 3830 533 3883 ct
550 3825 629 3882 duw

235 3924 302 4009 ejus
318 3943 389 3991 vcro
413 3945 440 4010 q.
458 3947 483 3992 c.
507 3926 580 4005 tras,
604 3926 637 3991 in
665 3927 726 4006 „is“
755 3926 875 4011 saepius
891 3926 1059 3995 declinavit
1074 3925 1302 3993 accusativum:

235 4030 348 4113 Apoth.
374 4032 471 4098 244.
497 4083 504 4096 .
531 4082 538 4094 .
564 4081 571 4094 .
601 4032 654 4109 „ut
683 4052 721 4100 ns
744 4052 850 4119 separa
874 4034 968 4100 ductu
991 4032 1079 4099 Tris
1102 4032 1231 4099 faciam·
